3198 5056
264 433 299 484 22
450 430 496 483 DE
516 426 734 483 POSTERIORE
753 425 971 481 SCllELLlNGll
990 424 1227 478 PlllLOSOPlllA

263 582 341 680 jam
362 579 604 677 perspiciatur
628 583 743 670 maJus
764 576 916 672 aliquid,
939 574 976 647 id
996 580 1051 648 est
1070 599 1176 647 verus
1201 577 1307 649 Deus.
1339 577 1409 649 Uhi

266 711 388 779 autern
413 705 488 777 veri
510 702 608 777 illius
632 702 695 775 llei
718 708 862 787 natura,
887 700 999 773 idest
1021 700 1411 774 monotheismidisoi-

12 872 19 879 ·
112 896 123 912 ,
265 830 378 926 plina,
401 829 598 924 explanata
614 833 681 907 est,
700 827 831 922 incipit
851 824 1095 899 Revelationis
1110 825 1312 921 philophia,
1330 850 1411 921 quan

266 953 438 1026 adversus
459 951 694 1049 mythologiae
721 948 995 1047 philosophiam
1017 972 1090 1021 non
1114 949 1220 1022 aliter
1242 950 1411 1022 sehabet

265 1088 375 1173 quam
397 1078 573 1150 adversus
592 1076 798 1170 negativam
811 1073 966 1169 positiva
981 1072 1225 1169 philosophia.
1249 1075 1296 1147 Ut
1311 1076 1411 1161 enirn

267 1204 366 1298 prior
394 1202 456 1273 illa
483 1201 554 1273 hoo
579 1200 647 1272 sihi
677 1198 905 1295 propositum
936 1198 1109 1285 habehat,
1127 1202 1167 1269 ut
1186 1199 1310 1293 plures
1333 1222 1411 1271 esse

268 1327 360 1398 Deos
386 1325 673 1412 demonstraret,
706 1325 755 1396 ita
783 1322 966 1419 posterior
990 1323 1083 1410 haec,
1112 1323 1299 1417 quomodo
1317 1323 1411 1395 Dens

265 1473 348 1522 vere
376 1473 469 1522 unus
499 1447 558 1537 sit,
590 1448 736 1544 qualem
776 1470 888 1542 supra
914 1445 1164 1542 exposuimus
1194 1445 1410 1542 dignoscere

266 1581 430 1648 conatur.
456 1573 625 1645 Ceterum
647 1573 692 1645 ad
708 1596 786 1644 rem
803 1573 974 1667 perlinat,
993 1593 1066 1642 non
1082 1572 1128 1643 ad
1145 1593 1188 1642 ea
1204 1572 1408 1659 attendere,

264 1722 343 1794 quae
360 1703 440 1772 orta
453 1686 600 1793 quidem
616 1698 938 1771 eChristianorum
956 1695 1139 1783 doctrina,
1154 1694 1277 1792 pejore
1293 1696 1411 1790 philo-

266 1822 759 1919 sophiacontaminatasunt,
772 1821 836 1893 sed
848 1819 1034 1893 Christum
1047 1819 1280 1915 intellegere,
1295 1819 1412 1915 qualis

264 1971 285 2020 a
304 1946 484 2044 principio
505 1946 724 2020 manifestus
745 1946 823 2018 luit.
849 1945 954 2018 Nunc
970 1945 1081 2040 igitur
1094 1944 1219 2017 animo
1236 1950 1272 2016 θῖ
1288 1950 1409 2018 mente

265 2072 546 2168 concipiendum
568 2076 624 2143 est
644 2071 690 2143 ab
709 2070 790 2166 ipso
811 2070 959 2144 Christo
980 2074 1097 2142 totam
1119 2067 1407 2142 Christianorum

263 2197 466 2269 doctrinam
482 2196 631 2292 expleri.
648 2196 735 2282 Quae
746 2200 869 2268 autem
880 2192 1013 2267 Christi
1025 2197 1122 2266 esset
1133 2192 1199 2282 viS,
1212 2200 1408 2289 antequam

263 2344 350 2393 caro
386 2321 501 2394 laetus
542 2325 649 2408 esset,
682 2319 813 2392 deinde
855 2319 1040 2414 quomodo
1068 2341 1153 2390 caro
1194 2318 1309 2391 iaetus
1348 2317 1406 2407 sit,

265 2443 420 2538 denique
443 2468 523 2539 quae
544 2442 629 2516 inde
650 2450 774 2516 secuta
790 2442 876 2530 sint,
895 2466 939 2514 ea
954 2448 1039 2514 sunt
1055 2465 1213 2537 quorum
1227 2441 1410 2538 imprimis

262 2569 512 2642 reddendaest
526 2568 635 2641 ratio.
648 2569 739 2642 Cum
752 2591 837 2640 vero
851 2567 1054 2662 perlectum
1066 2566 1134 2638 erit
1151 2566 1285 2640 Christi
1300 2591 1401 2661 opus,

266 2692 375 2764 tertia
389 2692 539 2765 tandem
558 2691 734 2788 potentia,
749 2691 886 2763 scilieet
899 2714 1017 2776 mena,
1031 2689 1298 2779 dominabitur;
1313 2689 1410 2785 quod

264 2814 1410 2913 praeparaturetadextremumpenitusevenietperEeclesiam

264 2940 423 3037 primurn
455 2940 566 3028 Petri,
600 2940 732 3012 deinde
765 2939 881 3028 Pauli,
910 2939 1068 3032 denique
1099 2940 1252 3013 loannis
1281 2939 1410 3035 spiritu

266 3064 460 3137 efflatam.

313 3190 397 3261 Haee
422 3213 565 3264 summa
588 3194 643 3262 est
672 3187 916 3285 philosophiae
941 3187 1118 3283 positivae.
1145 3187 1259 3274 Quam
1282 3189 1409 3262 Schel-

267 3313 399 3409 lingius
421 3338 463 3387 eo
484 3313 715 3410 potissimum
741 3312 993 3385 commendari
1015 3313 1226 3402 arbitratur,
1251 3312 1346 3408 quod
1363 3315 1408 3385 ah

266 3438 328 3511 illa
343 3440 439 3534 apud
457 3439 695 3534 philosophos
716 3437 860 3534 vulgata
880 3437 1052 3534 opinione
1068 3438 1256 3524 abhorret,
1272 3437 1410 3510 seilicet

267 3568 430 3634 mentem
451 3585 494 3634 eo
515 3562 679 3649 tendere,
711 3568 746 3634 ul
774 3563 810 3633 in
834 3561 971 3635 mundo
995 3560 1096 3634 inani
1119 3561 1212 3635 laeto
1229 3568 1405 3648 versetur,
1455 3646 1458 3650 ¹

268 3687 450 3760 autetiam
461 3710 595 3760 novum
606 3686 801 3782 quemdam
814 3687 972 3760 alterum
984 3685 1051 3757 sihi
1063 3686 1273 3782 fingendum
1288 3691 1406 3782 putet;

268 3812 383 3906 quasi,
408 3817 447 3885 ut
468 3811 697 3884 existimabat
720 3810 919 3900 Cartesius,
942 3810 1135 3905 quisquam
1156 3808 1410 3906 philosophari

267 3935 395 4031 possit,
423 3958 490 4007 nec
513 3935 687 4031 respiciat
710 3960 755 4007 an
776 3937 969 4031 qnisquam
998 3934 1090 4007 alius
1120 3939 1228 4007 antea
1251 3934 1410 4030 philoso-

268 4059 402 4155 phatus
423 4059 483 4131 sit.
506 4063 552 4132 nt
572 4084 669 4148 vero,
693 4067 828 4133 natura
848 4066 883 4131 ’θῖ
900 4059 1124 4148 hominibus,
1144 4059 1270 4153 quales
1286 4084 1412 4132 revera

268 4189 367 4272 sunt,
390 4184 602 4280 exploratis,
623 4189 697 4256 tum
716 4185 863 4256 demum
885 4207 966 4256 eam
988 4183 1261 4278 philosophiam
1278 4184 1411 4257 cousti-

298 4390 319 4438 l.
338 4386 506 4451 Philosophia
520 4388 568 4437 der
582 4387 751 4451 Mytholopie,
770 4387 882 4450 passim.
906 4414 937 4424 -
956 4385 1125 4451 Philosophia
1149 4387 1197 4435 der
1217 4386 1410 4453 Offerrlurunp,

266 4481 376 4533 passim.
