<?xml version="1.0" encoding="UTF-8"?>
<!DOCTYPE html PUBLIC "-//W3C//DTD XHTML 1.0 Transitional//EN"
    "http://www.w3.org/TR/xhtml1/DTD/xhtml1-transitional.dtd">
<html xmlns="http://www.w3.org/1999/xhtml" xml:lang="en" lang="en">
 <head>
  <title>
</title>
<meta http-equiv="Content-Type" content="text/html;charset=utf-8" />
  <meta name='ocr-system' content='tesseract 3.04.00' />
  <meta name='ocr-capabilities' content='ocr_page ocr_carea ocr_par ocr_line ocrx_word'/>
</head>
<body>
  <div class='ocr_page' id='page_1' title='image "./deposterioresch00delbgoog_0069.png"; bbox 0 0 3198 5056; ppageno 0'>
   <div class='ocr_carea' id='block_1_1' title="bbox 271 383 1246 438">
    <p class='ocr_par' dir='ltr' id='par_1_1' title="bbox 271 383 1246 438">
     <span class='ocr_line' id='line_1_1' title="bbox 271 383 1246 438; baseline -0.002 -1"><span class='ocrx_word' id='word_1_1' title='bbox 271 385 306 437; x_wconf 75' lang='lat'>54</span> <span class='ocrx_word' id='word_1_2' title='bbox 449 385 494 437; x_wconf 84' lang='lat' dir='ltr'>DE</span> <span class='ocrx_word' id='word_1_3' title='bbox 517 384 738 438; x_wconf 80' lang='lat' dir='ltr'>POSTERIORE</span> <span class='ocrx_word' id='word_1_4' title='bbox 764 384 984 438; x_wconf 79' lang='lat' dir='ltr'>SCHELLlh&#39;Gll</span> <span class='ocrx_word' id='word_1_5' title='bbox 1009 383 1246 438; x_wconf 81' lang='lat' dir='ltr'>PHILOSOPHIA</span> 
     </span>
    </p>
   </div>
   <div class='ocr_carea' id='block_1_2' title="bbox 241 533 1528 4241">
    <p class='ocr_par' dir='ltr' id='par_1_2' title="bbox 272 533 1455 1375">
     <span class='ocr_line' id='line_1_2' title="bbox 273 533 1417 631; baseline -0.001 -23"><span class='ocrx_word' id='word_1_6' title='bbox 273 533 446 609; x_wconf 79' lang='lat' dir='ltr'><strong>rationali</strong></span> <span class='ocrx_word' id='word_1_7' title='bbox 479 533 747 631; x_wconf 78' lang='lat' dir='ltr'>explicatione?</span> <span class='ocrx_word' id='word_1_8' title='bbox 780 533 865 623; x_wconf 89' lang='lat' dir='ltr'>Sed,</span> <span class='ocrx_word' id='word_1_9' title='bbox 902 541 943 608; x_wconf 93' lang='lat' dir='ltr'>ut</span> <span class='ocrx_word' id='word_1_10' title='bbox 977 534 1032 608; x_wconf 93' lang='lat' dir='ltr'>sui</span> <span class='ocrx_word' id='word_1_11' title='bbox 1066 534 1234 607; x_wconf 88' lang='lat' dir='ltr'>conscius</span> <span class='ocrx_word' id='word_1_12' title='bbox 1271 535 1417 608; x_wconf 88' lang='lat' dir='ltr'>tandem</span> 
     </span>
     <span class='ocr_line' id='line_1_3' title="bbox 274 658 1419 755; baseline 0.002 -24"><span class='ocrx_word' id='word_1_13' title='bbox 274 660 351 747; x_wconf 85' lang='lat' dir='ltr'>fiat,</span> <span class='ocrx_word' id='word_1_14' title='bbox 370 658 547 732; x_wconf 92' lang='lat' dir='ltr'>mundum</span> <span class='ocrx_word' id='word_1_15' title='bbox 566 661 676 747; x_wconf 85' lang='lat' dir='ltr'>subit,</span> <span class='ocrx_word' id='word_1_16' title='bbox 691 661 736 732; x_wconf 92' lang='lat' dir='ltr'>ad</span> <span class='ocrx_word' id='word_1_17' title='bbox 748 661 936 733; x_wconf 93' lang='lat' dir='ltr'>hominem</span> <span class='ocrx_word' id='word_1_18' title='bbox 952 659 1298 755; x_wconf 80' lang='lat' dir='ltr'>inderegressurus,</span> <span class='ocrx_word' id='word_1_19' title='bbox 1316 658 1419 733; x_wconf 91' lang='lat' dir='ltr'>ideo-</span> 
     </span>
     <span class='ocr_line' id='line_1_4' title="bbox 275 782 1420 880; baseline 0.002 -26"><span class='ocrx_word' id='word_1_20' title='bbox 275 807 344 877; x_wconf 90' lang='lat' dir='ltr'>que</span> <span class='ocrx_word' id='word_1_21' title='bbox 360 806 399 855; x_wconf 90' lang='lat' dir='ltr'>se</span> <span class='ocrx_word' id='word_1_22' title='bbox 413 783 492 879; x_wconf 91' lang='lat' dir='ltr'>ipse</span> <span class='ocrx_word' id='word_1_23' title='bbox 510 791 761 858; x_wconf 74' lang='lat' dir='ltr'>assecuturus.</span> <span class='ocrx_word' id='word_1_24' title='bbox 781 784 904 858; x_wconf 87' lang='lat' dir='ltr'>Facile</span> <span class='ocrx_word' id='word_1_25' title='bbox 919 783 1030 880; x_wconf 86' lang='lat' dir='ltr'>igitur</span> <span class='ocrx_word' id='word_1_26' title='bbox 1044 782 1247 878; x_wconf 85' lang='lat' dir='ltr'>intellegas,</span> <span class='ocrx_word' id='word_1_27' title='bbox 1266 807 1357 879; x_wconf 91' lang='lat' dir='ltr'>quas</span> <span class='ocrx_word' id='word_1_28' title='bbox 1373 785 1420 856; x_wconf 91' lang='lat' dir='ltr'>oh</span> 
     </span>
     <span class='ocr_line' id='line_1_5' title="bbox 273 884 1455 1005; baseline 0.001 -25"><span class='ocrx_word' id='word_1_29' title='bbox 273 931 404 981; x_wconf 91' lang='lat' dir='ltr'>causas</span> <span class='ocrx_word' id='word_1_30' title='bbox 428 906 513 981; x_wconf 88' lang='lat' dir='ltr'>talis</span> <span class='ocrx_word' id='word_1_31' title='bbox 538 906 703 981; x_wconf 85' lang='lat' dir='ltr'>doctrina</span> <span class='ocrx_word' id='word_1_32' title='bbox 735 908 923 1005; x_wconf 82' lang='lat' dir='ltr'>paulisper</span> <span class='ocrx_word' id='word_1_33' title='bbox 954 913 1097 981; x_wconf 86' lang='lat' dir='ltr'>tantum</span> <span class='ocrx_word' id='word_1_34' title='bbox 1125 910 1221 1003; x_wconf 92' lang='lat' dir='ltr'>apud</span> <span class='ocrx_word' id='word_1_35' title='bbox 1251 905 1419 981; x_wconf 90' lang='lat' dir='ltr'>homiues</span> <span class='ocrx_word' id='word_1_36' title='bbox 1453 884 1455 891; x_wconf 10' lang='lat' dir='ltr'>i</span> 
     </span>
     <span class='ocr_line' id='line_1_6' title="bbox 273 1032 1418 1129; baseline 0 -24"><span class='ocrx_word' id='word_1_37' title='bbox 273 1034 425 1105; x_wconf 91' lang='lat' dir='ltr'>omnino</span> <span class='ocrx_word' id='word_1_38' title='bbox 460 1033 622 1106; x_wconf 89' lang='lat' dir='ltr'>excultos</span> <span class='ocrx_word' id='word_1_39' title='bbox 663 1032 831 1122; x_wconf 89' lang='lat' dir='ltr'>valuerit,</span> <span class='ocrx_word' id='word_1_40' title='bbox 869 1057 964 1105; x_wconf 90' lang='lat' dir='ltr'>nunc</span> <span class='ocrx_word' id='word_1_41' title='bbox 1004 1039 1127 1106; x_wconf 87' lang='lat' dir='ltr'>autem</span> <span class='ocrx_word' id='word_1_42' title='bbox 1161 1032 1278 1129; x_wconf 79' lang='lat' dir='ltr'>magis</span> <span class='ocrx_word' id='word_1_43' title='bbox 1311 1037 1418 1128; x_wconf 90' lang='lat' dir='ltr'>atque</span> 
     </span>
     <span class='ocr_line' id='line_1_7' title="bbox 272 1155 1418 1254; baseline 0 -25"><span class='ocrx_word' id='word_1_44' title='bbox 272 1156 391 1254; x_wconf 81' lang='lat' dir='ltr'>magis</span> <span class='ocrx_word' id='word_1_45' title='bbox 410 1158 579 1254; x_wconf 83' lang='lat' dir='ltr'>neglecta</span> <span class='ocrx_word' id='word_1_46' title='bbox 594 1158 739 1254; x_wconf 78' lang='lat' dir='ltr'>jaceat:</span> <span class='ocrx_word' id='word_1_47' title='bbox 757 1181 818 1230; x_wconf 93' lang='lat' dir='ltr'>eos</span> <span class='ocrx_word' id='word_1_48' title='bbox 835 1156 931 1230; x_wconf 94' lang='lat' dir='ltr'>enim</span> <span class='ocrx_word' id='word_1_49' title='bbox 950 1158 1068 1231; x_wconf 90' lang='lat' dir='ltr'>solum</span> <span class='ocrx_word' id='word_1_50' title='bbox 1084 1155 1252 1241; x_wconf 82' lang='lat' dir='ltr'>detinuit,</span> <span class='ocrx_word' id='word_1_51' title='bbox 1268 1158 1329 1253; x_wconf 85' lang='lat' dir='ltr'>qui</span> <span class='ocrx_word' id='word_1_52' title='bbox 1345 1180 1418 1229; x_wconf 94' lang='lat' dir='ltr'>non</span> 
     </span>
     <span class='ocr_line' id='line_1_8' title="bbox 273 1281 608 1375; baseline 0 -22"><span class='ocrx_word' id='word_1_53' title='bbox 273 1281 324 1375; x_wconf 84' lang='lat' dir='ltr'>ita</span> <span class='ocrx_word' id='word_1_54' title='bbox 339 1281 475 1355; x_wconf 89' lang='lat' dir='ltr'>eruditi</span> <span class='ocrx_word' id='word_1_55' title='bbox 490 1282 608 1354; x_wconf 89' lang='lat' dir='ltr'>sunt¹.</span> 
     </span>
    </p>

    <p class='ocr_par' dir='ltr' id='par_1_3' title="bbox 241 1405 1528 4241">
     <span class='ocr_line' id='line_1_9' title="bbox 323 1405 1419 1502; baseline 0 -24"><span class='ocrx_word' id='word_1_56' title='bbox 323 1407 412 1479; x_wconf 91' lang='lat' dir='ltr'>lnde</span> <span class='ocrx_word' id='word_1_57' title='bbox 440 1406 663 1502; x_wconf 84' lang='lat' dir='ltr'>percipimus</span> <span class='ocrx_word' id='word_1_58' title='bbox 679 1406 860 1501; x_wconf 93' lang='lat' dir='ltr'>quosdam</span> <span class='ocrx_word' id='word_1_59' title='bbox 886 1407 1082 1497; x_wconf 84' lang='lat' dir='ltr'>exstitisse,</span> <span class='ocrx_word' id='word_1_60' title='bbox 1106 1408 1168 1502; x_wconf 94' lang='lat' dir='ltr'>qui</span> <span class='ocrx_word' id='word_1_61' title='bbox 1190 1405 1419 1502; x_wconf 84' lang='lat' dir='ltr'>hegelianam</span> 
     </span>
     <span class='ocr_line' id='line_1_10' title="bbox 275 1530 1420 1620; baseline -0.001 -17"><span class='ocrx_word' id='word_1_62' title='bbox 275 1530 481 1603; x_wconf 84' lang='lat' dir='ltr'>doctrinam</span> <span class='ocrx_word' id='word_1_63' title='bbox 503 1531 785 1620; x_wconf 81' lang='lat' dir='ltr'>admirarentur,</span> <span class='ocrx_word' id='word_1_64' title='bbox 808 1539 845 1605; x_wconf 90' lang='lat' dir='ltr'>et</span> <span class='ocrx_word' id='word_1_65' title='bbox 867 1532 964 1603; x_wconf 91' lang='lat' dir='ltr'>idem</span> <span class='ocrx_word' id='word_1_66' title='bbox 986 1539 1108 1605; x_wconf 92' lang='lat' dir='ltr'>tamen</span> <span class='ocrx_word' id='word_1_67' title='bbox 1124 1533 1324 1604; x_wconf 90' lang='lat' dir='ltr'>emendare</span> <span class='ocrx_word' id='word_1_68' title='bbox 1344 1532 1420 1603; x_wconf 84' lang='lat' dir='ltr'>vel-</span> 
     </span>
     <span class='ocr_line' id='line_1_11' title="bbox 279 1655 1421 1753; baseline 0.002 -27"><span class='ocrx_word' id='word_1_69' title='bbox 279 1655 368 1741; x_wconf 88' lang='lat' dir='ltr'>lent,</span> <span class='ocrx_word' id='word_1_70' title='bbox 387 1656 496 1727; x_wconf 84' lang='lat' dir='ltr'>salvis</span> <span class='ocrx_word' id='word_1_71' title='bbox 508 1655 710 1751; x_wconf 83' lang='lat' dir='ltr'>hegelianis</span> <span class='ocrx_word' id='word_1_72' title='bbox 723 1656 926 1753; x_wconf 89' lang='lat' dir='ltr'>principiis.</span> <span class='ocrx_word' id='word_1_73' title='bbox 940 1657 1033 1728; x_wconf 88' lang='lat' dir='ltr'>Num</span> <span class='ocrx_word' id='word_1_74' title='bbox 1048 1655 1101 1728; x_wconf 92' lang='lat' dir='ltr'>illi</span> <span class='ocrx_word' id='word_1_75' title='bbox 1115 1661 1321 1745; x_wconf 89' lang='lat' dir='ltr'>senscrunt,</span> <span class='ocrx_word' id='word_1_76' title='bbox 1335 1655 1421 1750; x_wconf 92' lang='lat' dir='ltr'>quid</span> 
     </span>
     <span class='ocr_line' id='line_1_12' title="bbox 277 1779 1419 1878; baseline 0.001 -27"><span class='ocrx_word' id='word_1_77' title='bbox 277 1779 451 1875; x_wconf 83' lang='lat' dir='ltr'>Hegelius</span> <span class='ocrx_word' id='word_1_78' title='bbox 478 1804 543 1876; x_wconf 93' lang='lat' dir='ltr'>per</span> <span class='ocrx_word' id='word_1_79' title='bbox 573 1780 749 1853; x_wconf 87' lang='lat' dir='ltr'>intactam</span> <span class='ocrx_word' id='word_1_80' title='bbox 781 1780 988 1854; x_wconf 87' lang='lat' dir='ltr'>doctrinam</span> <span class='ocrx_word' id='word_1_81' title='bbox 1025 1804 1126 1854; x_wconf 91' lang='lat' dir='ltr'>suam</span> <span class='ocrx_word' id='word_1_82' title='bbox 1160 1781 1240 1878; x_wconf 84' lang='lat' dir='ltr'>jam</span> <span class='ocrx_word' id='word_1_83' title='bbox 1275 1783 1419 1876; x_wconf 85' lang='lat' dir='ltr'>assequi</span> 
     </span>
     <span class='ocr_line' id='line_1_13' title="bbox 277 1903 1422 2007; baseline -0.002 -31"><span class='ocrx_word' id='word_1_84' title='bbox 277 1927 383 2000; x_wconf 92' lang='lat' dir='ltr'>posse</span> <span class='ocrx_word' id='word_1_85' title='bbox 408 1903 587 1992; x_wconf 89' lang='lat' dir='ltr'>crederet,</span> <span class='ocrx_word' id='word_1_86' title='bbox 614 1905 702 2007; x_wconf 88' lang='lat' dir='ltr'>quid</span> <span class='ocrx_word' id='word_1_87' title='bbox 723 1910 845 1978; x_wconf 90' lang='lat' dir='ltr'>autem</span> <span class='ocrx_word' id='word_1_88' title='bbox 871 1904 1027 2001; x_wconf 88' lang='lat' dir='ltr'>positiva</span> <span class='ocrx_word' id='word_1_89' title='bbox 1049 1903 1280 2001; x_wconf 90' lang='lat' dir='ltr'>philosophia</span> <span class='ocrx_word' id='word_1_90' title='bbox 1304 1905 1422 1977; x_wconf 82' lang='lat' dir='ltr'>esset?</span> 
     </span>
     <span class='ocr_line' id='line_1_14' title="bbox 277 2027 1420 2125; baseline 0.002 -26"><span class='ocrx_word' id='word_1_91' title='bbox 277 2027 663 2102; x_wconf 88' lang='lat' dir='ltr'>Licetdehisdubites.</span> <span class='ocrx_word' id='word_1_92' title='bbox 676 2029 1292 2125; x_wconf 87' lang='lat' dir='ltr'>Sanequidemlaudandisunt,qui</span> <span class='ocrx_word' id='word_1_93' title='bbox 1306 2030 1420 2102; x_wconf 89' lang='lat' dir='ltr'>Deum</span> 
     </span>
     <span class='ocr_line' id='line_1_15' title="bbox 279 2152 1420 2248; baseline 0.002 -23"><span class='ocrx_word' id='word_1_94' title='bbox 279 2158 450 2247; x_wconf 87' lang='lat' dir='ltr'>tanquam</span> <span class='ocrx_word' id='word_1_95' title='bbox 476 2154 663 2226; x_wconf 91' lang='lat' dir='ltr'>conscium</span> <span class='ocrx_word' id='word_1_96' title='bbox 688 2152 745 2227; x_wconf 94' lang='lat' dir='ltr'>sui</span> <span class='ocrx_word' id='word_1_97' title='bbox 774 2153 1003 2226; x_wconf 90' lang='lat' dir='ltr'>individuum</span> <span class='ocrx_word' id='word_1_98' title='bbox 1035 2177 1235 2248; x_wconf 81' lang='lat' dir='ltr'>agnoscere</span> <span class='ocrx_word' id='word_1_99' title='bbox 1271 2153 1420 2227; x_wconf 88' lang='lat' dir='ltr'>studue-</span> 
     </span>
     <span class='ocr_line' id='line_1_16' title="bbox 276 2276 1422 2376; baseline 0.001 -28"><span class='ocrx_word' id='word_1_100' title='bbox 276 2276 368 2366; x_wconf 89' lang='lat' dir='ltr'>rint;</span> <span class='ocrx_word' id='word_1_101' title='bbox 389 2278 452 2349; x_wconf 89' lang='lat' dir='ltr'>sed</span> <span class='ocrx_word' id='word_1_102' title='bbox 468 2300 579 2372; x_wconf 90' lang='lat' dir='ltr'>prave</span> <span class='ocrx_word' id='word_1_103' title='bbox 597 2278 734 2366; x_wconf 89' lang='lat' dir='ltr'>vident,</span> <span class='ocrx_word' id='word_1_104' title='bbox 753 2301 825 2374; x_wconf 90' lang='lat' dir='ltr'>quo</span> <span class='ocrx_word' id='word_1_105' title='bbox 841 2278 985 2351; x_wconf 86' lang='lat' dir='ltr'>vinculo</span> <span class='ocrx_word' id='word_1_106' title='bbox 1001 2302 1092 2376; x_wconf 87' lang='lat' dir='ltr'>pura</span> <span class='ocrx_word' id='word_1_107' title='bbox 1107 2278 1170 2351; x_wconf 91' lang='lat' dir='ltr'>illa</span> <span class='ocrx_word' id='word_1_108' title='bbox 1186 2280 1230 2351; x_wconf 93' lang='lat' dir='ltr'>de</span> <span class='ocrx_word' id='word_1_109' title='bbox 1243 2279 1318 2350; x_wconf 88' lang='lat' dir='ltr'>Deo</span> <span class='ocrx_word' id='word_1_110' title='bbox 1335 2278 1422 2350; x_wconf 93' lang='lat' dir='ltr'>doc-</span> 
     </span>
     <span class='ocr_line' id='line_1_17' title="bbox 276 2401 1422 2500; baseline 0.003 -28"><span class='ocrx_word' id='word_1_111' title='bbox 276 2401 375 2473; x_wconf 89' lang='lat' dir='ltr'>trina</span> <span class='ocrx_word' id='word_1_112' title='bbox 398 2425 481 2474; x_wconf 85' lang='lat' dir='ltr'>cum</span> <span class='ocrx_word' id='word_1_113' title='bbox 507 2402 662 2497; x_wconf 84' lang='lat' dir='ltr'>positiva</span> <span class='ocrx_word' id='word_1_114' title='bbox 693 2402 928 2498; x_wconf 92' lang='lat' dir='ltr'>philosophia</span> <span class='ocrx_word' id='word_1_115' title='bbox 954 2402 1209 2500; x_wconf 83' lang='lat' dir='ltr'>conjungatur.</span> <span class='ocrx_word' id='word_1_116' title='bbox 1235 2403 1283 2475; x_wconf 89' lang='lat' dir='ltr'>Ut</span> <span class='ocrx_word' id='word_1_117' title='bbox 1312 2425 1422 2500; x_wconf 92' lang='lat' dir='ltr'>supra</span> 
     </span>
     <span class='ocr_line' id='line_1_18' title="bbox 275 2524 1424 2623; baseline 0.003 -27"><span class='ocrx_word' id='word_1_118' title='bbox 275 2524 448 2614; x_wconf 84' lang='lat' dir='ltr'>diximus,</span> <span class='ocrx_word' id='word_1_119' title='bbox 475 2527 551 2621; x_wconf 90' lang='lat' dir='ltr'>ipse</span> <span class='ocrx_word' id='word_1_120' title='bbox 576 2527 748 2623; x_wconf 80' lang='lat' dir='ltr'>Hegelius</span> <span class='ocrx_word' id='word_1_121' title='bbox 779 2527 966 2600; x_wconf 87' lang='lat' dir='ltr'>interdum</span> <span class='ocrx_word' id='word_1_122' title='bbox 993 2526 1199 2600; x_wconf 88' lang='lat' dir='ltr'>doctrinam</span> <span class='ocrx_word' id='word_1_123' title='bbox 1237 2551 1340 2600; x_wconf 92' lang='lat' dir='ltr'>suam</span> <span class='ocrx_word' id='word_1_124' title='bbox 1373 2528 1424 2599; x_wconf 86' lang='lat' dir='ltr'>ita</span> 
     </span>
     <span class='ocr_line' id='line_1_19' title="bbox 241 2652 1420 2748; baseline 0.002 -26"><span class='ocrx_word' id='word_1_125' title='bbox 241 2653 243 2657; x_wconf 72' lang='grc'>’</span> <span class='ocrx_word' id='word_1_126' title='bbox 277 2656 500 2747; x_wconf 84' lang='lat' dir='ltr'>correxerat,</span> <span class='ocrx_word' id='word_1_127' title='bbox 525 2657 565 2723; x_wconf 87' lang='lat' dir='ltr'>ut</span> <span class='ocrx_word' id='word_1_128' title='bbox 585 2659 748 2723; x_wconf 89' lang='lat' dir='ltr'>mentem</span> <span class='ocrx_word' id='word_1_129' title='bbox 779 2652 985 2724; x_wconf 87' lang='lat' dir='ltr'>absolutam</span> <span class='ocrx_word' id='word_1_130' title='bbox 1008 2675 1075 2748; x_wconf 91' lang='lat' dir='ltr'>pro</span> <span class='ocrx_word' id='word_1_131' title='bbox 1100 2653 1175 2725; x_wconf 86' lang='lat' dir='ltr'>Deo</span> <span class='ocrx_word' id='word_1_132' title='bbox 1198 2652 1253 2724; x_wconf 91' lang='lat' dir='ltr'>sui</span> <span class='ocrx_word' id='word_1_133' title='bbox 1274 2653 1420 2725; x_wconf 89' lang='lat' dir='ltr'>conscio</span> 
     </span>
     <span class='ocr_line' id='line_1_20' title="bbox 277 2772 1422 2870; baseline 0.003 -26"><span class='ocrx_word' id='word_1_134' title='bbox 277 2772 481 2846; x_wconf 88' lang='lat' dir='ltr'>habuisset.</span> <span class='ocrx_word' id='word_1_135' title='bbox 503 2772 575 2847; x_wconf 90' lang='lat' dir='ltr'>Sed</span> <span class='ocrx_word' id='word_1_136' title='bbox 595 2774 647 2846; x_wconf 85' lang='lat' dir='ltr'>ita</span> <span class='ocrx_word' id='word_1_137' title='bbox 665 2799 724 2847; x_wconf 94' lang='lat' dir='ltr'>res</span> <span class='ocrx_word' id='word_1_138' title='bbox 741 2775 843 2847; x_wconf 90' lang='lat' dir='ltr'>nullo</span> <span class='ocrx_word' id='word_1_139' title='bbox 865 2776 974 2849; x_wconf 90' lang='lat' dir='ltr'>modo</span> <span class='ocrx_word' id='word_1_140' title='bbox 999 2776 1216 2870; x_wconf 90' lang='lat' dir='ltr'>procedunt.</span> <span class='ocrx_word' id='word_1_141' title='bbox 1241 2776 1422 2849; x_wconf 89' lang='lat' dir='ltr'>Voluntne</span> 
     </span>
     <span class='ocr_line' id='line_1_21' title="bbox 280 2892 1517 2996; baseline 0.002 -29"><span class='ocrx_word' id='word_1_142' title='bbox 280 2896 490 2993; x_wconf 80' lang='lat' dir='ltr'>significare</span> <span class='ocrx_word' id='word_1_143' title='bbox 506 2899 686 2971; x_wconf 90' lang='lat' dir='ltr'>rationem</span> <span class='ocrx_word' id='word_1_144' title='bbox 707 2899 753 2971; x_wconf 91' lang='lat' dir='ltr'>ad</span> <span class='ocrx_word' id='word_1_145' title='bbox 773 2901 970 2994; x_wconf 93' lang='lat' dir='ltr'>quamdam</span> <span class='ocrx_word' id='word_1_146' title='bbox 989 2899 1054 2972; x_wconf 85' lang='lat' dir='ltr'>Dei</span> <span class='ocrx_word' id='word_1_147' title='bbox 1075 2899 1194 2972; x_wconf 91' lang='lat' dir='ltr'>ideam</span> <span class='ocrx_word' id='word_1_148' title='bbox 1212 2900 1423 2996; x_wconf 82' lang='lat' dir='ltr'>pervenire?</span> <span class='ocrx_word' id='word_1_149' title='bbox 1503 2892 1517 2911; x_wconf 83' lang='grc'><em>“</em></span> 
     </span>
     <span class='ocr_line' id='line_1_22' title="bbox 279 3015 1528 3119; baseline 0.003 -27"><span class='ocrx_word' id='word_1_150' title='bbox 279 3022 356 3094; x_wconf 90' lang='lat' dir='ltr'>Hoc</span> <span class='ocrx_word' id='word_1_151' title='bbox 370 3021 522 3095; x_wconf 87' lang='lat' dir='ltr'>llantius</span> <span class='ocrx_word' id='word_1_152' title='bbox 537 3022 691 3111; x_wconf 89' lang='lat' dir='ltr'>dixerat,</span> <span class='ocrx_word' id='word_1_153' title='bbox 705 3029 833 3119; x_wconf 89' lang='lat' dir='ltr'>etpost</span> <span class='ocrx_word' id='word_1_154' title='bbox 849 3025 1020 3097; x_wconf 89' lang='lat' dir='ltr'>llantium</span> <span class='ocrx_word' id='word_1_155' title='bbox 1037 3025 1097 3096; x_wconf 93' lang='lat' dir='ltr'>alii</span> <span class='ocrx_word' id='word_1_156' title='bbox 1115 3025 1244 3110; x_wconf 88' lang='lat' dir='ltr'>etiam;</span> <span class='ocrx_word' id='word_1_157' title='bbox 1259 3031 1422 3098; x_wconf 88' lang='lat' dir='ltr'>ceterum</span> <span class='ocrx_word' id='word_1_158' title='bbox 1523 3015 1528 3021; x_wconf 64' lang='grc'>’</span> 
     </span>
     <span class='ocr_line' id='line_1_23' title="bbox 280 3146 1422 3243; baseline 0.003 -26"><span class='ocrx_word' id='word_1_159' title='bbox 280 3146 325 3218; x_wconf 90' lang='lat' dir='ltr'>de</span> <span class='ocrx_word' id='word_1_160' title='bbox 346 3146 414 3218; x_wconf 85' lang='lat' dir='ltr'>hoc</span> <span class='ocrx_word' id='word_1_161' title='bbox 439 3171 514 3220; x_wconf 94' lang='lat' dir='ltr'>non</span> <span class='ocrx_word' id='word_1_162' title='bbox 532 3147 664 3243; x_wconf 80' lang='lat' dir='ltr'>agitur.</span> <span class='ocrx_word' id='word_1_163' title='bbox 689 3147 970 3221; x_wconf 84' lang='lat' dir='ltr'>Contenduntne</span> <span class='ocrx_word' id='word_1_164' title='bbox 986 3148 1087 3221; x_wconf 91' lang='lat' dir='ltr'>illam</span> <span class='ocrx_word' id='word_1_165' title='bbox 1108 3149 1172 3222; x_wconf 87' lang='lat' dir='ltr'>Dei</span> <span class='ocrx_word' id='word_1_166' title='bbox 1198 3149 1316 3222; x_wconf 90' lang='lat' dir='ltr'>ideam</span> <span class='ocrx_word' id='word_1_167' title='bbox 1342 3172 1422 3222; x_wconf 88' lang='lat' dir='ltr'>eam</span> 
     </span>
     <span class='ocr_line' id='line_1_24' title="bbox 279 3271 1509 3365; baseline 0.004 -23"><span class='ocrx_word' id='word_1_168' title='bbox 279 3294 370 3358; x_wconf 89' lang='lat' dir='ltr'>esse,</span> <span class='ocrx_word' id='word_1_169' title='bbox 403 3295 483 3365; x_wconf 87' lang='lat' dir='ltr'>quar</span> <span class='ocrx_word' id='word_1_170' title='bbox 504 3296 631 3345; x_wconf 89' lang='lat' dir='ltr'>verum</span> <span class='ocrx_word' id='word_1_171' title='bbox 664 3272 794 3364; x_wconf 88' lang='lat' dir='ltr'>Deum,</span> <span class='ocrx_word' id='word_1_172' title='bbox 822 3271 979 3344; x_wconf 87' lang='lat' dir='ltr'>liberum</span> <span class='ocrx_word' id='word_1_173' title='bbox 1001 3272 1142 3347; x_wconf 90' lang='lat' dir='ltr'>scilicet</span> <span class='ocrx_word' id='word_1_174' title='bbox 1162 3281 1198 3347; x_wconf 90' lang='lat' dir='ltr'>et</span> <span class='ocrx_word' id='word_1_175' title='bbox 1218 3280 1419 3359; x_wconf 88' lang='lat' dir='ltr'>creantem,</span> <span class='ocrx_word' id='word_1_176' title='bbox 1502 3342 1509 3347; x_wconf 84' lang='lat'><strong><em>.</em></strong></span> 
     </span>
     <span class='ocr_line' id='line_1_25' title="bbox 279 3384 1422 3495; baseline 0.004 -30"><span class='ocrx_word' id='word_1_177' title='bbox 279 3394 485 3489; x_wconf 82' lang='lat' dir='ltr'>exprimat?</span> <span class='ocrx_word' id='word_1_178' title='bbox 504 3395 575 3468; x_wconf 84' lang='lat' dir='ltr'>Sed</span> <span class='ocrx_word' id='word_1_179' title='bbox 590 3384 667 3468; x_wconf 70' lang='lat' dir='ltr'>haec</span> <span class='ocrx_word' id='word_1_180' title='bbox 677 3398 754 3490; x_wconf 84' lang='lat' dir='ltr'>jam</span> <span class='ocrx_word' id='word_1_181' title='bbox 775 3396 977 3492; x_wconf 88' lang='lat' dir='ltr'>scripserat</span> <span class='ocrx_word' id='word_1_182' title='bbox 989 3397 1180 3493; x_wconf 76' lang='lat' dir='ltr'>llegelius3</span> <span class='ocrx_word' id='word_1_183' title='bbox 1200 3399 1422 3495; x_wconf 90' lang='lat' dir='ltr'>quare,dum</span> 
     </span>
     <span class='ocr_line' id='line_1_26' title="bbox 281 3518 1420 3617; baseline 0.006 -28"><span class='ocrx_word' id='word_1_184' title='bbox 281 3518 485 3612; x_wconf 77' lang='lat' dir='ltr'>pradicant</span> <span class='ocrx_word' id='word_1_185' title='bbox 514 3542 551 3591; x_wconf 89' lang='lat' dir='ltr'>se</span> <span class='ocrx_word' id='word_1_186' title='bbox 578 3519 788 3593; x_wconf 90' lang='lat' dir='ltr'>doctrinam</span> <span class='ocrx_word' id='word_1_187' title='bbox 817 3522 1051 3617; x_wconf 83' lang='lat' dir='ltr'>hegelianam</span> <span class='ocrx_word' id='word_1_188' title='bbox 1086 3526 1286 3596; x_wconf 91' lang='lat' dir='ltr'>emendare</span> <span class='ocrx_word' id='word_1_189' title='bbox 1314 3524 1420 3611; x_wconf 85' lang='lat' dir='ltr'>velle,</span> 
     </span>
     <span class='ocr_line' id='line_1_27' title="bbox 278 3644 1419 3740; baseline 0.004 -26"><span class='ocrx_word' id='word_1_190' title='bbox 278 3654 503 3737; x_wconf 71' lang='lat' dir='ltr'>praepostere</span> <span class='ocrx_word' id='word_1_191' title='bbox 519 3649 645 3740; x_wconf 84' lang='lat' dir='ltr'>agunt,</span> <span class='ocrx_word' id='word_1_192' title='bbox 664 3645 977 3740; x_wconf 89' lang='lat' dir='ltr'>quemadmodum</span> <span class='ocrx_word' id='word_1_193' title='bbox 993 3644 1032 3735; x_wconf 90' lang='lat' dir='ltr'>ii,</span> <span class='ocrx_word' id='word_1_194' title='bbox 1047 3648 1123 3740; x_wconf 91' lang='lat' dir='ltr'>qui,</span> <span class='ocrx_word' id='word_1_195' title='bbox 1142 3652 1181 3721; x_wconf 85' lang='lat' dir='ltr'>ut</span> <span class='ocrx_word' id='word_1_196' title='bbox 1197 3647 1289 3720; x_wconf 87' lang='lat' dir='ltr'>Galli</span> <span class='ocrx_word' id='word_1_197' title='bbox 1305 3649 1419 3734; x_wconf 86' lang='lat' dir='ltr'>aiunt,</span> 
     </span>
     <span class='ocr_line' id='line_1_28' title="bbox 280 3767 1423 3868; baseline 0.003 -29"><span class='ocrx_word' id='word_1_198' title='bbox 280 3789 386 3839; x_wconf 85' lang='lat' dir='ltr'>coena</span> <span class='ocrx_word' id='word_1_199' title='bbox 414 3767 492 3864; x_wconf 89' lang='lat' dir='ltr'>jam</span> <span class='ocrx_word' id='word_1_200' title='bbox 522 3776 681 3864; x_wconf 84' lang='lat' dir='ltr'>peracta,</span> <span class='ocrx_word' id='word_1_201' title='bbox 705 3770 862 3866; x_wconf 90' lang='lat' dir='ltr'>sinapim</span> <span class='ocrx_word' id='word_1_202' title='bbox 892 3771 1072 3862; x_wconf 89' lang='lat' dir='ltr'>praehent.</span> <span class='ocrx_word' id='word_1_203' title='bbox 1105 3772 1205 3845; x_wconf 86' lang='lat' dir='ltr'>Tunc</span> <span class='ocrx_word' id='word_1_204' title='bbox 1234 3772 1423 3868; x_wconf 79' lang='lat' dir='ltr'>Hegelium</span> 
     </span>
     <span class='ocr_line' id='line_1_29' title="bbox 278 3890 1424 3991; baseline 0.003 -29"><span class='ocrx_word' id='word_1_205' title='bbox 278 3890 402 3986; x_wconf 93' lang='lat' dir='ltr'>ipsum</span> <span class='ocrx_word' id='word_1_206' title='bbox 418 3892 593 3966; x_wconf 85' lang='lat' dir='ltr'>adversus</span> <span class='ocrx_word' id='word_1_207' title='bbox 619 3895 818 3991; x_wconf 92' lang='lat' dir='ltr'>discipulos</span> <span class='ocrx_word' id='word_1_208' title='bbox 842 3894 938 3967; x_wconf 90' lang='lat' dir='ltr'>tueri</span> <span class='ocrx_word' id='word_1_209' title='bbox 961 3902 1120 3990; x_wconf 89' lang='lat' dir='ltr'>oportet,</span> <span class='ocrx_word' id='word_1_210' title='bbox 1145 3920 1226 3967; x_wconf 91' lang='lat' dir='ltr'>cum</span> <span class='ocrx_word' id='word_1_211' title='bbox 1250 3898 1424 3980; x_wconf 88' lang='lat' dir='ltr'>adversus</span> 
     </span>
     <span class='ocr_line' id='line_1_30' title="bbox 280 4014 1425 4113; baseline 0.004 -25"><span class='ocrx_word' id='word_1_212' title='bbox 280 4039 356 4102; x_wconf 84' lang='lat' dir='ltr'>eos,</span> <span class='ocrx_word' id='word_1_213' title='bbox 372 4015 446 4110; x_wconf 92' lang='lat' dir='ltr'>qui,</span> <span class='ocrx_word' id='word_1_214' title='bbox 460 4014 511 4090; x_wconf 93' lang='lat' dir='ltr'>uti</span> <span class='ocrx_word' id='word_1_215' title='bbox 522 4016 618 4113; x_wconf 85' lang='lat' dir='ltr'>vulgi</span> <span class='ocrx_word' id='word_1_216' title='bbox 629 4019 785 4113; x_wconf 82' lang='lat' dir='ltr'>gratiam</span> <span class='ocrx_word' id='word_1_217' title='bbox 798 4019 867 4091; x_wconf 91' lang='lat' dir='ltr'>sibi</span> <span class='ocrx_word' id='word_1_218' title='bbox 881 4019 1092 4108; x_wconf 87' lang='lat' dir='ltr'>concilient,</span> <span class='ocrx_word' id='word_1_219' title='bbox 1105 4020 1309 4093; x_wconf 86' lang='lat' dir='ltr'>doctrinam</span> <span class='ocrx_word' id='word_1_220' title='bbox 1321 4044 1425 4093; x_wconf 88' lang='lat' dir='ltr'>ener-</span> 
     </span>
     <span class='ocr_line' id='line_1_31' title="bbox 279 4141 1426 4241; baseline 0.004 -29"><span class='ocrx_word' id='word_1_221' title='bbox 279 4145 363 4213; x_wconf 89' lang='lat' dir='ltr'>vant</span> <span class='ocrx_word' id='word_1_222' title='bbox 379 4146 414 4214; x_wconf 92' lang='lat' dir='ltr'>et</span> <span class='ocrx_word' id='word_1_223' title='bbox 430 4141 615 4236; x_wconf 84' lang='lat' dir='ltr'>frangunt,</span> <span class='ocrx_word' id='word_1_224' title='bbox 635 4142 778 4216; x_wconf 86' lang='lat' dir='ltr'>sublata</span> <span class='ocrx_word' id='word_1_225' title='bbox 798 4142 898 4216; x_wconf 94' lang='lat' dir='ltr'>omni</span> <span class='ocrx_word' id='word_1_226' title='bbox 919 4142 1051 4217; x_wconf 87' lang='lat' dir='ltr'>virtute</span> <span class='ocrx_word' id='word_1_227' title='bbox 1074 4149 1109 4216; x_wconf 92' lang='lat' dir='ltr'>et</span> <span class='ocrx_word' id='word_1_228' title='bbox 1132 4144 1333 4241; x_wconf 77' lang='lat' dir='ltr'>disciplina</span> <span class='ocrx_word' id='word_1_229' title='bbox 1350 4146 1426 4217; x_wconf 92' lang='lat' dir='ltr'>ala-</span> 
     </span>
    </p>
   </div>
   <div class='ocr_carea' id='block_1_3' title="bbox 309 4426 596 4492">
    <p class='ocr_par' dir='ltr' id='par_1_4' title="bbox 309 4426 596 4492">
     <span class='ocr_line' id='line_1_32' title="bbox 309 4426 596 4492; baseline 0.01 -18"><span class='ocrx_word' id='word_1_230' title='bbox 309 4427 331 4475; x_wconf 81' lang='lat' dir='ltr'>r.</span> <span class='ocrx_word' id='word_1_231' title='bbox 348 4426 425 4489; x_wconf 72' lang='lat' dir='ltr'>naa,</span> <span class='ocrx_word' id='word_1_232' title='bbox 442 4442 468 4492; x_wconf 78' lang='lat' dir='ltr'>p.</span> <span class='ocrx_word' id='word_1_233' title='bbox 483 4429 596 4479; x_wconf 83' lang='lat' dir='ltr'>rao-ru.</span> 
     </span>
    </p>
   </div>
   <div class='ocr_carea' id='block_1_4' title="bbox 0 0 1612 5056">
    <p class='ocr_par' dir='ltr' id='par_1_5' title="bbox 0 0 1612 5056">
     <span class='ocr_line' id='line_1_33' title="bbox 0 0 1612 5056; baseline 0 0"><span class='ocrx_word' id='word_1_234' title='bbox 0 0 1612 5056; x_wconf 95' lang='lat' dir='ltr'> </span> 
     </span>
    </p>
   </div>
  </div>
 </body>
</html>
