3198 5056
251 403 285 455 60
430 403 475 455 DE
499 401 718 456 POSTERIORE
743 400 959 456 SCHELLINGII
982 399 1217 454 PHlLOSOPth

251 577 330 626 esse
371 551 658 648 philosophiam,
698 577 778 648 quae
810 551 906 650 apud
943 550 1142 623 Germanos
1175 581 1191 615 u
1229 548 1395 621 volunta-

251 676 384 748 rismos
414 705 430 741 »
458 676 675 771 appellatur.
707 676 866 764 Etenim,
898 698 1122 771 quamquam
1153 652 1308 746 arduum
1342 677 1397 745 ost

249 802 506 873 demonstrare
528 800 883 896 Sohopenhauerum
905 824 925 872 a
947 797 1170 893 Sobellingio
1197 796 1395 871 sententias

247 925 346 997 haud
375 948 439 1020 per
465 924 638 1021 ambages
670 930 777 996 etex
815 924 894 1020 ipso
925 924 1023 996 lonte
1062 924 1240 1009 hausisse,
1280 921 1396 993 multa

247 1047 411 1122 eminent
428 1048 535 1145 plane
557 1049 693 1122 similia
713 1051 808 1123 inter
829 1047 1234 1143 schopenhauerianam
1256 1052 1292 1118 et
1312 1070 1396 1142 pos-

246 1173 423 1247 teriorem
440 1173 748 1268 schellingianam
763 1172 1047 1269 philosophiam.
1061 1171 1281 1244 Omittamus
1292 1170 1394 1265 quid-

249 1299 337 1393 quid
363 1298 459 1394 apud
490 1297 754 1394 Schellingium
785 1299 971 1394 reperitur
1000 1295 1043 1368 de
1070 1295 1206 1391 tragico
1236 1296 1394 1390 quodam

250 1422 390 1510 dolore,
409 1445 481 1516 quo
511 1427 547 1493 et
575 1427 707 1495 natura
740 1428 921 1518 elgerus
951 1423 1154 1494 humanum
1178 1419 1347 1492 laborant
1364 1419 1391 1507 ¹;

250 1547 347 1642 quod
377 1553 501 1619 tamen
525 1547 596 1619 hoc
617 1546 811 1643 signifieat,
836 1547 913 1644 jam
936 1544 1199 1641 Schellingium
1226 1568 1301 1615 non
1322 1543 1394 1615 illis

250 1670 452 1767 hegelianis
475 1670 680 1760 sententiis,
711 1669 843 1767 quibus
867 1671 1028 1743 mundus
1062 1670 1130 1742 sub
1155 1669 1241 1742 boni
1276 1669 1394 1762 specie

252 1796 521 1884 consideratur,
555 1797 706 1868 omnino
742 1795 935 1868 assentire.
969 1793 1061 1866 lllud
1087 1799 1209 1866 autem
1247 1793 1393 1864 maximi

250 1919 429 1992 momenti
452 1924 521 2008 est,
540 1943 561 1991 a
582 1919 807 2016 Sabellingio
828 1919 946 2016 magis
965 1943 1007 1991 ao
1028 1919 1146 2015 magis
1170 1918 1395 1990 volunlatem

250 2048 426 2138 tanquam
460 2044 699 2116 substantiam
724 2068 848 2116 rerum
880 2049 915 2115 et
945 2042 1224 2116 tundamentum
1250 2040 1392 2113 baberi.

250 2170 329 2241 Jam
351 2174 471 2258 antea,
493 2192 575 2241 oum
596 2168 658 2241 ille
678 2168 956 2264 'pantheismnm
977 2169 1122 2241 flectere
1148 2166 1265 2264 magis
1285 2190 1394 2260 quam

251 2317 424 2388 superare
446 2299 656 2381 conaretur,
679 2292 801 2365 aiebat
823 2294 893 2366 hoo
913 2292 1132 2389 pantheismi
1154 2314 1283 2387 parum
1304 2289 1396 2363 inte-

250 2441 366 2507 resse,
390 2419 464 2490 sive
483 2442 540 2490 res
562 2418 672 2490 [initae
693 2417 730 2489 in
753 2417 896 2489 infinita
926 2417 1146 2504 substantia,
1177 2418 1250 2488 sive
1272 2416 1396 2511 singu-

251 2542 346 2614 lares
366 2542 573 2614 volnntates
589 2543 624 2613 in
642 2542 838 2615 universali
853 2542 1041 2615 voluntate
1058 2541 1186 2625 insint;
1208 2547 1292 2613 tuno
1308 2565 1397 2637 pan-

251 2665 448 2738 theismum
479 2667 675 2761 quemdam
716 2667 849 2738 ollerre
887 2666 1093 2754 videbatur,
1120 2666 1182 2761 qui
1216 2666 1392 2738 voluntati

253 2791 480 2864 innitebatur
515 2797 690 2886 tanquam
724 2790 918 2886 principio,
951 2797 986 2862 et
1016 2789 1078 2885 qui
1116 2790 1396 2884 schopenbaue-

251 2912 395 2987 rianum
414 2915 669 3010 prasagiebat.
696 2917 743 2988 Ut
767 2939 825 2987 res
848 2913 1056 3010 expressius
1080 2914 1258 3011 dieamus,
1284 2936 1396 3009 appo-

253 3039 341 3111 titus
372 3039 432 3111 ille
463 3040 544 3110 vitae
579 3040 654 3133 qui,
679 3039 717 3111 in
748 3041 916 3113 Truclota
944 3038 987 3110 o'e
1027 3039 1200 3125 libertate,
1237 3037 1395 3110 divinam

253 3163 482 3236 existentiam
504 3164 697 3253 fundabat,
724 3165 813 3236 illud
837 3162 935 3259 quod
961 3169 1086 3258 postea
1114 3162 1297 3235 infinitam
1319 3164 1395 3233 exi-

252 3289 370 3360 stendi
404 3288 604 3384 potentiam
647 3288 947 3383 voluntatemque
985 3287 1230 3360 libentissime
1270 3287 1394 3382 appol-

163 3408 171 3423 ’
253 3410 364 3499 labat,
392 3412 484 3485 nihil
519 3414 617 3484 alind
651 3414 794 3485 videtur
824 3438 902 3485 esse
929 3436 1038 3507 qnam
1065 3413 1232 3484 volontas
1260 3412 1321 3483 illa
1343 3411 1397 3483 vi-

254 3534 375 3622 vendi,
408 3559 488 3630 qnae
518 3537 614 3630 apud
648 3537 1002 3639 Sohopenhauerum
1030 3536 1229 3608 maximam
1251 3541 1395 3631 partem

252 3658 403 3732 obtinet.
442 3662 557 3733 lmmo
585 3660 682 3754 apud
707 3661 877 3733 eumdem
908 3661 1120 3733 intellectus
1155 3668 1191 3733 et
1226 3663 1393 3734 voluntas

254 3783 303 3854 ita
337 3783 491 3857 invicem
527 3809 564 3857 se
599 3785 813 3880 respiciunt,
857 3790 896 3858 ut
924 3785 1006 3882 jure
1033 3785 1174 3858 institui
1212 3785 1398 3858 existimes

253 3908 453 3981 discrimen
494 3907 598 3997 illud,
636 3911 733 4004 qnod
770 3909 1016 4005 Sobellingins
1049 3910 1145 3981 inter
1174 3910 1394 4005 negativam,

253 4058 325 4129 qua
340 4033 466 4106 lormae
479 4038 513 4105 et
531 4033 696 4106 essentias
713 4058 837 4106 rarum
851 4033 1137 4134 perspiciuntur,
1151 4040 1188 4106 et
1201 4034 1397 4130 positivam

286 4285 308 4331 l.
329 4280 544 4348 Philosophiaebe
578 4282 812 4347 ilntersuebunpea
839 4282 903 4332 uber
935 4284 984 4333 das
1009 4285 1101 4333 Werea
1132 4284 1181 4333 der
1204 4281 1400 4333 menschlicbeo

236 4363 379 4425 rreioeu,
395 4366 414 4424 l,
430 4378 477 4422 vn,
492 4378 517 4428 p.
534 4364 588 4412 399.
601 4391 630 4400 -
640 4363 689 4412 Die
708 4363 856 4426 Woltotter,
868 4364 888 4425 I,
904 4378 961 4425 vni,
979 4379 1005 4428 p.
1020 4366 1073 4425 322,
1085 4378 1111 4428 p.
1131 4366 1184 4414 335.
1200 4391 1230 4401 -
1243 4363 1399 4425 Einteilunp

253 4445 282 4493 in
298 4445 341 4494 dte
355 4442 525 4519 Philosophia
540 4444 588 4493 der
602 4442 772 4507 Mylbotopie,
791 4443 822 4504 ΙΙ,
839 4458 858 4507 1,
871 4459 895 4508 p.
912 4446 964 4493 556.
