3198 5056
595 491 597 497 ,
623 419 736 472 curor
764 419 922 483 ouinuuu
1310 424 1342 475 aa
1406 498 1412 507 ἱ

195 569 313 665 primo
350 569 544 667 principio,
580 593 745 643 summus
777 576 899 644 antem
935 572 1110 644 [erminus
1140 597 1204 668 pro
1237 597 1345 645 causa

194 693 297 765 linali
311 694 484 782 habetur,
503 690 629 767 omnes
650 717 774 767 rerum
796 695 929 790 gradus
950 696 1115 769 alliciunt
1130 699 1344 770 continuam

195 839 390 892 causarum
405 818 570 892 finalium
588 818 657 891 sibi
668 818 826 891 invicem
839 819 1106 893 submissorum
1122 820 1273 910 seriem;
1293 820 1345 893 ila

194 942 358 1016 inanima
390 942 573 1031 animatis,
611 944 774 1015 animata
813 943 945 1016 deinde
980 944 1192 1018 hominibus
1231 932 1363 1040 snbji?

196 1065 360 1155 ciuntur3
379 1071 477 1156 tunc,
497 1067 598 1139 omni
625 1091 734 1140 causa
761 1067 860 1140 finali
881 1068 978 1140 sacta
1006 1069 1198 1156 alliciente,
1222 1067 1343 1141 dicere

195 1191 362 1279 deberes,
382 1196 421 1263 nt
437 1215 458 1263 a
472 1191 549 1264 Deo
565 1190 758 1282 mundum,
772 1191 821 1265 ita
836 1215 963 1266 rursus
980 1191 1026 1264 ab
1042 1192 1252 1266 hominibus
1264 1194 1345 1266 ani»

174 1314 308 1403 ''mata,
333 1316 378 1387 ab
401 1314 572 1387 animalis
595 1315 756 1389 inanima
776 1315 912 1406 creari3
940 1315 1038 1412 quod
1061 1317 1211 1410 quidem
1232 1316 1345 1390 insul-

196 1440 387 1511 sumest¹.
771 1439 773 1443 ’
1094 1536 1096 1541 ι

154 1561 162 1573 ”
245 1562 414 1636 Ceterum
427 1564 601 1660 Hegelius
616 1564 729 1638 Deum
744 1564 943 1649 mnndoita
954 1563 1130 1653 annectit,
1146 1569 1185 1636 ut
1196 1566 1344 1660 penitus

196 1688 438 1783 deformatum
462 1689 623 1762 inducat..
646 1693 723 1774 Quo
746 1690 842 1760 enim
869 1690 977 1761 modo
999 1687 1171 1761 admittas
1196 1689 1344 1761 absolu-

195 1818 270 1884 tam
293 1819 469 1900 mentem,
489 1819 680 1908 postquam
698 1820 867 1885 naturam
884 1816 920 1884 et
935 1812 1134 1885 humanam
1156 1812 1344 1885 conscien-

197 1935 285 2009 tiam
305 1938 509 2024 transierit,
533 1937 737 2021 immorari,
760 1938 897 2010 nedum
913 1961 1044 2010 rursus
1062 1937 1345 2032 peregrinetur?

199 2061 296 2133 Deus
324 2061 401 2158 ipse
423 2061 687 2156 concipiendus
707 2067 816 2151 esset,
839 2086 912 2134 non
938 2067 1109 2157 tanquam
1132 2068 1232 2133 cerlo
1253 2086 1344 2156 quo-

197 2184 283 2257 dam
298 2190 466 2280 tempore
478 2185 514 2257 in
531 2186 669 2258 mundo
682 2193 860 2274 versatus,
875 2185 990 2275 idest,
1005 2208 1026 2257 a
1041 2185 1246 2282 semetipso
1258 2185 1344 2257 aba·

196 2309 366 2399 lienatus,
393 2310 455 2383 sed
476 2316 649 2405 tanquam
673 2315 850 2383 aternum
872 2311 908 2382 in
935 2311 1112 2384 mundum
1134 2334 1212 2382 sese
1235 2309 1344 2404 proji-

197 2435 298 2508 ciens
314 2442 351 2507 et
370 2458 391 2506 a
408 2435 544 2508 mundo
561 2459 641 2507 sese
656 2435 861 2508 retrahens.
881 2434 919 2508 Si
934 2459 1016 2506 vere
1033 2435 1182 2530 flagelio
1199 2434 1341 2520 credas,

196 2558 248 2632 ita
265 2583 324 2632 res
348 2583 387 2632 se
411 2558 568 2642 habent;
590 2559 683 2631 Dens
699 2583 773 2631 non
795 2559 831 2630 in
851 2582 1039 2654 processu,
1057 2560 1133 2653 ipse
1154 2581 1344 2653 processus

197 2688 266 2771 est,
306 2683 441 2756 nedum
480 2682 576 2756 ultra
621 2707 830 2779 processum
868 2687 1013 2780 regnae
1043 2687 1220 2777 perpetuo
1267 2682 1345 2776 agit

199 2806 396 2903 inquietus,
415 2832 461 2880 ne
478 2807 552 2880 ulla
567 2807 713 2904 quidem
731 2807 790 2881 die
811 2807 989 2881 adolium
1005 2829 1199 2896 concessa;
1217 2805 1254 2878 id
1271 2810 1341 2893 est,

186 2931 354 3004 mundus
367 2932 442 3005 Deo
455 2932 607 3005 modum
619 2932 786 3027 imponit,
804 2932 850 3003 ad
865 2957 973 3027 quem
986 2937 1069 3028 agat
1082 2936 1118 3003 et
1130 2930 1343 3004 manifestus

197 3057 274 3128 liat.
295 3057 373 3142 Quo
389 3062 496 3151 pacto
513 3055 623 3128 eliam
641 3081 737 3130 nunc
754 3055 797 3128 de
811 3055 978 3128 libertate
1000 3056 1124 3127 divina
1143 3055 1342 3150 loquimur,

197 3181 266 3253 nisi
296 3182 415 3254 verbis
444 3205 556 3276 prave
584 3180 763 3254 detortis?
786 3180 871 3251 Haec
896 3185 932 3252 et
959 3179 1115 3276 hujusce
1143 3179 1244 3252 modi
1273 3178 1346 3250 alia

197 3305 471 3401 pantheismum
496 3288 604 3377 nimis
624 3306 806 3393 redolent,
820 3326 865 3376 ne
883 3303 984 3375 illum
1006 3303 1154 3399 quidem
1170 3305 1244 3397 qui,
1265 3308 1346 3375 lan-

198 3453 308 3524 quam
330 3430 587 3526 spinozismus,
602 3429 770 3525 aequabili
787 3427 949 3522 quadam
965 3428 1230 3522 tranquillitate
1245 3451 1347 3499 com-

200 3555 410 3642 mendatur,
435 3562 469 3627 et
487 3556 689 3628 secundum
706 3578 816 3649 quem
834 3577 893 3625 res
911 3553 1021 3624 finitae
1038 3553 1083 3623 ab
1106 3552 1248 3624 infinita
1263 3553 1348 3624 sub-

199 3680 334 3753 stantia
368 3681 486 3775 logica
528 3680 688 3775 quadam
728 3684 805 3750 arte
845 3678 982 3765 ssnunt,
1023 3677 1087 3749 sed
1121 3675 1226 3748 illum
1266 3677 1342 3771 qui,

200 3804 387 3899 protessus
409 3828 447 3876 se
467 3803 502 3875 in
521 3805 596 3877 Deo
615 3802 747 3899 agendi
764 3800 967 3898 potentiam
989 3802 1242 3889 collocavisse,
1262 3823 1344 3873 eum

199 3929 369 4002 libertate
395 3952 438 4002 eo
463 3929 607 4024 turpius
634 3927 829 4002 frustratus
850 3935 917 4001 est.
942 3926 1040 4000 Talis
1060 3926 1172 4020 igitur
1194 3932 1347 4020 apparet

197 4054 262 4145 illa
283 4054 451 4146 doctrina
481 4077 488 4125 :
512 4055 789 4149 Deusprimum
811 4053 908 4135 inse
933 4061 1001 4140 est,
1024 4051 1122 4146 quod
1140 4050 1217 4146 jam
1240 4048 1347 4120 inlel-

201 4179 299 4251 lectn
319 4182 375 4251 est
400 4201 583 4273 asperum,
606 4202 692 4251 nam
716 4177 802 4273 quid
830 4177 897 4250 sibi
931 4178 1005 4249 vult
1028 4175 1097 4247 hoc
1121 4172 1280 4269 primum
1310 4172 1348 4243 iu

156 4512 159 4516 ,
233 4463 523 4527 l.lbid.,p.155-159.
