3198 5056
283 350 316 402 18
468 348 514 401 DE
533 347 751 402 POSTERIORE
770 346 988 401 SCHELLINGII
1007 348 1244 404 PHILOSOPHIA

282 499 474 595 insigniter
497 496 589 570 dixit
613 497 867 571 Newtonius
858 523 895 569 rn
912 498 1053 571 scholio
1083 500 1146 573 illo
1154 526 1256 596 ,quo
1276 502 1426 575 conclu-

279 622 415 697 duntur
452 623 615 695 Prono
566 646 613 718 p
616 647 639 693 o
670 622 862 719 philosophi
863 648 890 695 ce
930 636 993 695 not
980 624 1106 697 torolir
1143 638 1218 697 mol
1205 626 1350 698 lt'lzemo
1322 638 1417 699 loco:

281 748 499 820 <heus
445 753 499 820 es
518 771 587 820 vox
609 746 824 820 relativaet
850 747 895 820 ad
924 772 1048 822 servos
1069 750 1274 824 retertur
1301 751 1424 823 Deitas

278 877 332 945 est
349 872 551 946 dominatio
568 871 645 961 Dei,
664 895 738 945 non
758 872 796 944 in
814 886 946 968 corpus
963 873 1165 969 proprium,
1188 875 1282 947 sed
1274 899 1310 947 m
1334 876 1422 948 sub-

277 996 417 1070 ditos...
438 998 578 1070 Deus
551 1021 628 1069 sine
644 997 822 1086 dominio,
837 998 1239 1093 providentiaotcausis
1252 1001 1423 1072 frnalibus

275 1122 368 1194 nihil
384 1122 484 1196 aliud
503 1127 558 1195 est
573 1145 682 1217 quarn
707 1117 836 1195 Fatum
865 1128 900 1195 et
920 1123 1071 1196 Natura.
1092 1153 1109 1197 o
1136 1123 1315 1219 Propter
1308 1124 1421 1220 igitur

276 1238 366 1319 illud
378 1246 596 1335 dominium,
611 1271 654 1318 ex
671 1270 770 1341 quo
759 1247 850 1320 adeo
869 1244 1097 1342 providentia
1112 1254 1278 1322 etcausae
1291 1248 1422 1320 finales

274 1376 433 1459 exstant,
451 1372 548 1444 Deus
564 1369 658 1444 alius
674 1376 849 1465 astatque
877 1372 1004 1443 mundi
1029 1374 1166 1460 anima,
1183 1378 1218 1445 et
1245 1379 1420 1468 [anquam

274 1518 398 1568 rerum
417 1501 561 1568 creator
573 1494 747 1568 eminet¹.

323 1621 410 1693 lnde
436 1620 531 1693 ultra
555 1618 824 1714 pantheismum
850 1619 1131 1715 procedimuss
1123 1620 1303 1716 imprimis
1321 1623 1418 1695 ultra

274 1746 375 1818 illam
393 1743 615 1840 pantheismi
636 1744 810 1839 speciem,
828 1768 899 1839 qur
914 1746 1028 1817 doct'
984 1750 1081 1817 trina
1097 1744 1296 1840 spinozana
1311 1770 1418 1819 cons-

276 1877 343 1959 tat,
372 1870 456 1941 inde
490 1892 615 1941 merus
647 1868 940 1941 monotheismus
967 1874 1080 1943 totam
1111 1869 1183 1941 rim
1214 1875 1449 1944 mutuatur.

274 1993 481 2067 Praesertim
506 2017 551 2064 ne
578 1994 772 2088 quisquam
799 1992 996 2068 theismum
1031 2000 1067 2067 et
1102 2001 1231 2068 monot
1216 1995 1415 2067 theismnm

272 2119 467 2192 idemesse
491 2123 610 2214 putet;
641 2141 772 2212 nempe
804 2119 1004 2190 secundnm
1028 2118 1274 2192 theismnmt
1259 2126 1320 2198 θεὸς
1348 2126 1415 2205 est,

270 2269 344 2316 non
364 2251 465 2322 ὁθεός.
497 2243 564 2314 llic
586 2241 785 2314 theismum
806 2267 887 2315 eam
912 2244 1073 2315 declarat
1097 2243 1417 2339 doctrinamque

272 2374 439 2442 nostrum
475 2369 590 2441 Deum
620 2391 694 2440 non
724 2368 973 2462 assequatur².
998 2368 1103 2454 Quod
1142 2367 1230 2440 olim
1265 2369 1370 2441 Kant
1346 2375 1417 2441 hus

271 2496 410 2565 deismo
427 2492 637 2589 objiciebat,
656 2492 706 2563 ita
729 2492 845 2563 Deum
866 2497 1045 2587 conceptu
1062 2491 1222 2587 quodam
1238 2493 1335 2565 haud
1351 2495 1415 2565 de-

270 2617 443 2689 terminat
447 2622 520 2688 oat
521 2617 626 2711 tingi,
643 2616 714 2688 hoc
724 2614 854 2688 adeo
846 2621 1003 2710 rpsnmt
989 2617 1149 2688 theismo
1171 2616 1418 2712 Schellingins

271 2741 408 2837 objicit
436 2740 529 2813 Huic
548 2739 696 2811 theismi
713 2738 836 2833 generi
858 2763 945 2811 sane
976 2745 1125 2836 praestat
1146 2740 1411 2835 pantheismus

269 2864 437 2937 lacohins
454 2864 513 2956 qui
535 2887 574 2935 so
590 2886 731 2935 merum
750 2864 948 2936 theismnm
969 2864 1090 2936 colere
1111 2863 1358 2958 gloriabatur,
1377 2870 1471 2937 et

270 3013 331 3084 qur
321 2988 484 3076 ’,tamen
501 2987 605 3083 quasi
627 3011 752 3059 secum
768 3011 951 3083 pugnans,
975 2987 1219 3060 contendebat
1241 3012 1279 3061 se
1299 2989 1416 3061 Deum

268 3119 434 3186 nostrum
461 3112 645 3185 affirmare
678 3135 801 3207 posse,
826 3113 913 3184 dum
945 3112 1211 3224 schellingium
1232 3113 1411 3209 increpat

268 3238 486 3310 existimavit
501 3237 599 3308 inter
620 3237 859 3332 spinozanam
876 3235 1150 3331 philosophiam
1167 3242 1202 3308 et
1223 3261 1317 3327 eam,
1333 3261 1414 3331 qnae

163 3366 165 3371 ’
267 3370 295 3431 ἓν
316 3392 364 3431 κα
380 3360 663 3434 πᾱνάἰοίῒάοοῑ
617 3367 752 3433 trrnam
765 3359 921 3432 nihilint
906 3366 1058 3432 teresse.
1077 3359 1146 3433 Sed
1157 3385 1230 3433 non
1244 3361 1413 3434 animad-

268 3493 426 3561 verterat
442 3484 644 3559 seeundum
658 3486 713 3557 et
704 3508 820 3579 ipsam
833 3483 1067 3557 christianam
1078 3487 1283 3558 doctrinam
1298 3485 1412 3559 Deum

268 3619 296 3679 to
316 3626 365 3680 καὶ
382 3628 439 3680 πᾶν
461 3610 532 3682 dici
553 3633 681 3705 posse3
700 3609 796 3681 unde
814 3608 866 3697 fit,
887 3614 924 3680 ut
911 3608 987 3680 tad
1002 3610 1100 3681 hunc
1120 3611 1271 3682 modum
1290 3611 1417 3705 spino-

267 3739 399 3809 zismns
416 3759 489 3808 non
504 3733 555 3806 ita
570 3734 676 3829 plane
692 3731 873 3839 significat
875 3757 916 3805 ns
934 3732 1016 3805 sit.
1033 3733 1226 3829 Proprium
1238 3734 1338 3805 enim
1359 3740 1414 3806 est

266 3859 500 3956 pantheismi,
537 3881 580 3930 ac
610 3856 794 3954 praecipue
820 3856 1041 3953 spinozismi,
1056 3857 1234 3953 quidquid
1264 3860 1397 3931 exist

266 4047 487 4129 entgegentreten
501 4062 586 4122 kann,
604 4061 670 4111 kurz
685 4060 731 4109 der
745 4061 811 4109 Herr
826 4059 872 4108 des
888 4060 974 4123 Seyns
991 4060 1027 4110 ist
1041 4061 1128 4122 (nicht
1139 4061 1338 4110 transmundan
1351 4076 1413 4123 nur,

265 4146 315 4196 wic
330 4159 359 4194 es
376 4144 424 4193 der
438 4143 501 4192 Gott
518 4140 824 4201 derFinalursacheist,
840 4139 1208 4205 sondernsupramundan)»
1203 4140 1294 4190 ,loto
1298 4156 1342 4204 ,.p
1360 4143 1414 4191 566.

297 4228 318 4274 l
337 4224 446 4273 Dorstel
420 4223 513 4286 unp
528 4222 573 4270 oles
584 4218 818 4284 philosophzrcloen
833 4220 1017 4284 Emptrzomus
1032 4220 1052 4281 I,
1068 4235 1093 4282 x,
1110 4235 1136 4285 p.
1155 4223 1212 4270 261
1213 4224 1259 4270 262
1263 4236 1309 4286 ,p
1325 4222 1379 4270 ⁶279.

295 4302 506 4367 &Philosophia
521 4299 749 4364 dorMpholopio,
763 4299 836 4361 ll,11,
853 4313 880 4362 p
896 4300 934 4348 lt)

296 4384 415 4441 aloia,
431 4384 501 4446 p.l
474 4383 512 4430 ll
