3198 5056
966 111 1160 190 xltllldldp

1007 179 1116 222 0ῐῖἥὶ

933 247 1198 328 pulvensim!

581 353 695 407 CAPUT
715 351 885 418 QuluTttM
970 354 1172 465 0&ssng
1272 354 1304 406 43

156 500 193 571 id
211 501 346 588 evenit,
366 501 451 596 quia
466 502 645 599 principio
672 529 732 577 res
754 505 851 577 inter
875 526 913 576 se
935 525 1021 575 rere
1041 509 1302 598 opponuntur:

157 623 244 697 inde
261 626 444 699 ascensio,
461 625 568 723 Apud
592 632 713 701 autem
737 628 944 725 Hegelium,
966 627 1089 701 nullus
1110 651 1306 722 processus

156 771 241 820 vere
272 750 449 846 gignitur,
481 751 567 846 quia
590 775 674 824 vere
702 752 802 824 nulla
830 756 927 840 sunt,
951 775 1031 846 quae
1061 751 1128 823 sibi
1159 752 1303 824 obstant

158 876 376 970 superanda.
402 877 474 948 Ens
498 876 595 948 enim
622 882 657 949 et
677 876 833 949 nihilum
858 875 945 947 dum
969 877 1135 971 opponit,
1165 880 1305 969 temere

159 998 287 1072 effutit.
301 1001 416 1084 Quam
434 1023 565 1095 parum
577 1000 674 1096 juste
690 1007 840 1073 vocatur
855 1012 1061 1097 processus,
1075 999 1185 1093 quiin
1201 1006 1304 1073 motu

159 1122 351 1197 dialectico
381 1129 478 1198 totus
507 1127 581 1198 esti
621 1129 739 1210 Quam
773 1148 904 1219 parum
945 1125 1118 1222 congruit
1146 1126 1303 1198 verbum

159 1271 240 1321 cum
275 1249 387 1351 tardo¹
413 1248 477 1321 illo
512 1255 713 1345 conceptus
747 1250 848 1344 quasi
888 1247 1105 1322 somniantis
1139 1251 1301 1322 incessul

160 1372 300 1467 Saepius
320 1374 416 1469 apud
441 1374 632 1470 Hegelium
655 1379 854 1447 occurrunt
867 1373 1054 1461 vocabula,
1074 1374 1205 1468 quibus
1221 1374 1305 1469 plus

159 1497 279 1568 minus
309 1504 454 1571 versute
484 1497 671 1588 adhibitis,
702 1497 882 1588 doctrina,
919 1497 1083 1593 quamvis
1109 1497 1223 1588 iners,
1259 1499 1305 1570 ad

158 1621 268 1694 vitam
290 1620 381 1717 erigi
409 1627 445 1695 et
475 1622 593 1695 atflari
614 1622 772 1696 ridetur.
799 1623 1010 1719 Schellingii
1036 1628 1157 1695 autem
1187 1621 1305 1717 philo·

157 1747 289 1840 sophia
319 1748 364 1818 ab
397 1746 503 1820 initio
532 1748 567 1819 in
602 1752 736 1820 natura
765 1753 856 1835 erat,
890 1747 1003 1820 rebus
1031 1746 1213 1835 alebatur,
1245 1724 1305 1819 res

157 1871 385 1944 intuebatur.
426 1872 596 1968 liegelius
630 1896 714 1945 vere
751 1878 972 1969 praepostere
1008 1872 1179 1967 Logicam
1220 1877 1304 1943 ante

157 1995 431 2090 philosophiam
456 2003 598 2069 naturae
629 1997 831 2085 constituit,
858 1996 910 2069 ita
934 2002 1070 2083 tamen,
1090 2003 1129 2068 ut
1159 1997 1300 2092 Legicae

158 2118 211 2191 illi
231 2126 360 2207 artem,
390 2144 462 2216 qua
490 2122 754 2218 schellingiana
778 2127 919 2194 naturae
946 2119 1178 2217 philosophia
1202 2144 1305 2194 eom-

158 2246 418 2334 mendabatur,
435 2246 779 2320 accommodaverit.
797 2248 910 2320 Porro
925 2245 1040 2341 liquet
1059 2244 1302 2318 mutationem

157 2367 259 2441 illam
298 2393 372 2443 non
408 2370 487 2441 fieri
523 2371 682 2466 potuisse
722 2371 830 2444 salvis
865 2372 986 2444 verbis
1015 2369 1300 2464 sententiisque;

156 2516 305 2589 nempe,
324 2500 364 2566 ut
383 2493 502 2590 logica
518 2480 752 2585 conderetur,
776 2496 975 2568 cavendum
997 2495 1050 2566 illi
1072 2500 1164 2580 erat,
1183 2518 1228 2565 ne
1244 2492 1305 2565 res

159 2617 295 2690 intuitu
330 2619 641 2713 deprehenderet,
674 2624 847 2708 ceterum,
880 2625 919 2694 ut
953 2624 1150 2715 conceptus
1179 2616 1303 2690 usitati

159 2743 358 2837 quidquam
375 2743 553 2831 valerent,
572 2766 723 2814 necesse
737 2749 817 2815 erat
831 2767 889 2815 res
904 2744 1037 2816 intuitu
1058 2741 1301 2838 deprehendi3

159 2866 237 2954 sed,
260 2868 345 2938 dum
375 2867 426 2939 ita
444 2873 643 2962 utrumque
670 2866 872 2955 confundit,
896 2868 1018 2940 lucum
1044 2859 1177 2962 sapius
1204 2865 1301 2954 iacit,

159 2992 196 3063 in
223 2992 348 3063 vitium
370 2997 494 3064 tamen
522 2991 664 3065 incidit.
691 2992 805 3065 Vetus
836 2991 932 3064 enim
964 2992 1227 3087 metaphysica,
1265 2974 1303 3061 in

158 3115 325 3206 scientia,
350 3141 431 3211 quae
463 3146 480 3182 u
512 3117 702 3212 ontologia
730 3148 746 3182 »
779 3116 1061 3202 inscribebatur,
1094 3116 1190 3210 ipsos
1218 3139 1304 3187 con-

160 3245 289 3337 ceptus
304 3240 535 3335 requirebat;
554 3239 623 3313 hoc
639 3265 764 3314 rursus
780 3239 951 3335 Hegelius
969 3239 1007 3310 in
1030 3238 1164 3335 Logiea
1179 3262 1304 3334 aggre-

159 3365 270 3438 ditur.
300 3365 386 3452 Sed,
410 3389 492 3439 cum
520 3365 754 3461 intellegeret
777 3363 975 3437 wollfianes
1001 3362 1189 3449 erravisse,
1218 3385 1304 3435 con-

159 3490 324 3585 ceptibus
364 3495 502 3563 temere
537 3489 753 3586 conjunctis,
794 3512 912 3582 neque
950 3494 1071 3560 tamen
1110 3472 1305 3582 pristinam

159 3614 386 3710 antelogiam
412 3615 618 3686 instaurare
640 3619 800 3709 cuperet,
819 3637 885 3708 per
906 3613 1093 3686 notionem
1109 3613 1207 3685 illam
1225 3613 1304 3682 die·

159 3738 278 3810 lectici
302 3761 499 3833 processus
526 3737 650 3811 omnia
675 3736 838 3833 expediri
868 3736 1101 3809 existimarit.
1133 3735 1205 3808 Sed
1234 3737 1304 3807 hoc

157 3886 241 3934 vere
271 3864 407 3934 mirum
438 3868 507 3951 est,
529 3868 565 3934 et
592 3863 629 3933 in
652 3862 804 3958 Hegelio
835 3859 1099 3933 scholasticum
1120 3861 1303 3955 quoddam

159 3987 277 4059 inesse
301 3991 468 4076 testatur,
495 3985 649 4082 ideoque
671 3987 774 4060 illum
798 4010 881 4059 eum
901 4009 994 4073 esse,
1011 3985 1072 4078 qui
1096 4007 1303 4079 processum

158 4100 283 4183 mente
311 4135 387 4184 nen
417 4110 564 4207 assequi
592 4112 724 4208 possit3
757 4111 896 4183 scilieet
921 4108 1124 4205 praesertim
1152 4110 1305 4181 tentavit

158 4240 198 4307 ut
232 4241 428 4331 conceptus
458 4259 523 4308 suo
557 4240 723 4330 tempore
754 4236 909 4308 usitatos
935 4234 972 4306 in
997 4233 1123 4307 ordine
1146 4233 1304 4328 quodam

157 4357 368 4446 collocaret,
396 4366 498 4431 ratus
523 4364 657 4454 praeter
683 4383 757 4448 eos,
775 4359 836 4454 qui
864 4360 900 4431 in
932 4359 1138 4431 doctrinam
1166 4350 1307 4446 adscisss
