3198 5056
313 395 329 447 2
500 394 545 447 DE
563 393 784 448 Posuuulouu
805 391 1023 446 SCHELLINGII
1039 392 1274 448 PHILOSOPlllA

314 545 413 641 legas
429 568 511 638 quae
523 541 694 638 Hegelius
709 510 870 637 scripsit,
885 547 924 614 ut
937 542 1084 614 doceret
1097 544 1269 615 adversus
1286 541 1459 614 Reinhol-
1576 552 1577 555 ’

313 668 413 756 dum,
431 666 491 762 qui
517 666 826 762 schellingianam
849 666 1122 761 philosophiam
1142 690 1162 738 a
1182 665 1357 739 fichtiana
1378 673 1458 739 tau·

311 789 501 865 tummodo
531 797 567 864 et
601 790 745 863 circiter
774 796 893 863 ortam
920 815 1001 863 esse
1035 797 1316 877 asseveraverat,
1354 790 1456 862 illam
1576 770 1577 783 ἶ

312 917 366 988 sui
395 915 488 1012 juris
516 920 550 987 et
576 915 748 1010 mancipii
769 939 862 986 esse.
889 915 925 986 ln
950 915 1120 986 hocloco
1145 914 1350 987 ostenditur
1364 940 1456 1010 quo-

311 1038 421 1114 modo
447 1040 626 1127 FichtiuS‚
653 1045 846 1134 postquam
877 1037 1036 1133 primum
1068 1038 1292 1135 principium
1323 1040 1456 1110 identi-

312 1170 424 1238 tatem
445 1163 598 1261 subjecti
615 1169 650 1236 et
667 1162 799 1260 objecti
816 1176 895 1235 esse
906 1163 990 1259 jure
1008 1162 1203 1249 intellexit,
1222 1164 1315 1236 hanc
1329 1169 1453 1236 tamen

311 1290 460 1362 demum
495 1290 562 1362 sub
600 1287 719 1384 specie
760 1287 911 1384 subjecti
946 1288 1169 1384 concepisse,
1213 1288 1265 1360 ita
1304 1295 1342 1361 ut
1379 1278 1453 1360 non

309 1437 434 1487 verum
474 1413 559 1508 quid
589 1412 746 1486 solidum
772 1413 932 1500 sit‚·sed
963 1417 1104 1486 tantum
1135 1412 1229 1501 idea,
1265 1413 1310 1485 ad
1344 1437 1452 1509 quarn

309 1562 455 1634 semper
479 1536 804 1633 progrediendum,
832 1561 941 1632 quam
967 1540 1050 1609 vc'ro
1073 1538 1219 1631 assequi
1247 1538 1353 1633 plane
1379 1562 1451 1611 non

308 1663 527 1757 queamus¹3
551 1661 621 1734 hoc
641 1667 770 1735 contra
790 1661 978 1757 proprium
1000 1666 1055 1733 est
1080 1661 1356 1758 schellingianae
1376 1663 1455 1759 phi-

308 1786 501 1883 losophiae,
519 1786 617 1882 quod
632 1784 861 1858 identitatem
875 1786 978 1857 illam
995 1786 1045 1857 ita
1061 1786 1268 1880 profitetur,
1282 1792 1322 1860 ut
1337 1812 1453 1883 neque

309 1913 526 2008 praepotenti
549 1911 712 2007 subjecto
730 1934 845 2005 neque
863 1909 1080 2005 praepotenti
1099 1911 1244 2007 objecto
1265 1911 1450 2002 inserviat,

306 2061 386 2126 nec,
417 2039 504 2109 dum
534 2035 729 2130 disciplina
758 2034 931 2107 adolescit
954 2039 1017 2107 aut
1046 2034 1249 2130 perficitur,
1272 2035 1449 2110 deleatur.

309 2161 481 2257 Sequitur
502 2167 542 2233 ut
565 2159 798 2246 Absolutum,
824 2182 907 2231 cum
932 2158 1165 2232 manifestum
1183 2158 1234 2245 fit,
1258 2165 1396 2233 naturae
1417 2168 1453 2233 et

306 2287 420 2359 rnenti
445 2286 551 2383 juxta
583 2284 670 2357 insit
696 2289 731 2356 et
763 2284 853 2356 duas
880 2307 1053 2356 resuere
1081 2284 1179 2356 inter
1206 2309 1244 2356 se
1269 2285 1453 2379 oppositas

308 2412 467 2507 colligat.
502 2410 588 2481 lude
614 2409 777 2482 existunt
807 2408 878 2481 duo
913 2407 1129 2503 disciplinae,
1162 2409 1300 2482 scilicet
1334 2411 1452 2505 philo-

305 2536 433 2631 sophia
462 2539 604 2607 naturae
639 2539 675 2605 ct
708 2531 1040 2605 transcendentalis
1081 2531 1319 2622 idealismus,
1355 2560 1450 2630 quae,

306 2660 470 2755 quamvis
491 2656 737 2731 abstrahendo
765 2657 918 2729 diversae
941 2656 1027 2744 sint,
1046 2662 1171 2729 tamen
1192 2658 1260 2730 sihi
1277 2658 1451 2731 auxilium

308 2785 465 2858 l'erentes
491 2783 527 2855 in
553 2807 664 2854 unum
695 2783 921 2870 coalescunt,
954 2806 997 2853 ex
1024 2783 1198 2876 eoquod,
1233 2789 1272 2855 ut
1296 2783 1346 2854 ait
1371 2784 1452 2879 Spi-

307 2932 411 2997 noza‚
439 2906 528 2980 ordo
558 2912 595 2979 et
621 2905 799 2979 connexio
826 2905 993 2979 idearum
1021 2905 1121 2978 idem
1152 2912 1206 2978 est
1237 2931 1279 2978 ac
1305 2907 1394 2979 ordo
1416 2913 1452 2979 et

307 3031 487 3106 connexio
512 3054 657 3119 rerum3
694 3054 851 3125 quarum
882 3031 984 3102 nulla
1012 3054 1130 3126 neque
1160 3031 1230 3104 sihi
1264 3032 1452 3104 sufficiens

306 3164 417 3245 stare,
441 3180 559 3251 neque
585 3156 741 3227 alteram
768 3154 896 3228 tollere
920 3160 1050 3250 potest.
1074 3155 1193 3229 Valuit
1213 3156 1308 3228 enirn
1327 3158 1451 3230 Schol-

305 3281 440 3378 lingius
470 3285 588 3352 toturn
616 3303 687 3352 uno
708 3278 874 3374 inspectu
900 3280 1086 3375 amplecti,
1123 3279 1259 3353 nedum
1297 3281 1448 3363 frustra,

306 3413 346 3480 ut
360 3405 533 3492 FichtiuS,
552 3408 672 3499 partes
688 3403 856 3499 disjectas
873 3404 907 3474 in
928 3427 1038 3474 unum
1056 3404 1239 3475 adducere
1256 3410 1411 3477 tentaret
1424 3406 1446 3475 ².

356 3529 456 3602 Tunc
497 3528 606 3626 igitur
636 3527 808 3623 llegelius
842 3527 1144 3621 schellingianam
1178 3528 1449 3625 philosophiam

308 3655 459 3727 omnino
484 3653 642 3749 probare
660 3653 816 3740 videtur,
838 3674 947 3746 quam
969 3637 1098 3724 eadem
1120 3652 1307 3748 diligentia
1328 3660 1453 3727 tuetur

308 3778 409 3852 acsi
434 3780 510 3873 ipse
538 3775 773 3850 condidisset.
792 3777 962 3848 Attamen
987 3777 1064 3872 jam
1086 3800 1181 3847 nunc
1211 3777 1334 3850 nescio
1364 3780 1451 3873 quid

308 3900 491 3999 peculiare
521 3907 556 3975 et
591 3907 782 3973 externum
808 3901 928 3990 suhit;
956 3901 1053 3995 quod
1076 3899 1224 3994 quidem
1245 3901 1452 3997 deprehen-

337 4198 359 4245 l,
379 4214 390 4238 α
410 4196 463 4244 Dos
483 4193 596 4257 Princip,
620 4193 668 4243 das
693 4192 921 4255 Suhjcct-Ohject,
947 4192 1055 4242 erwcist
1079 4193 1136 4242 sich
1161 4194 1200 4243 als
1222 4195 1267 4244 cin
1288 4196 1452 4258 subjectires

307 4274 530 4337 subject-Obiect.
547 4292 559 4317 r
581 4273 683 4337 Hepel's
707 4272 806 4333 Werte,
827 4275 859 4321 2²·
882 4272 1001 4336 Aussage,
1020 4273 1039 4334 1,
1065 4288 1091 4336 p.
1116 4274 1171 4322 159.
1201 4301 1230 4310 —
1252 4275 1317 4325 Vide
1345 4276 1450 4326 etiam:

306 4368 331 4416 p.
348 4356 500 4417 adl-tlhp.
517 4354 631 4413 uto-alr,
648 4368 673 4416 p.
688 4354 741 4402 244.

338 4436 360 4482 2.
378 4433 456 4495 idid,
473 4447 498 4496 p.
515 4435 626 4482 ull-266.
