<?xml version="1.0" encoding="UTF-8"?>
<!DOCTYPE html PUBLIC "-//W3C//DTD XHTML 1.0 Transitional//EN"
    "http://www.w3.org/TR/xhtml1/DTD/xhtml1-transitional.dtd">
<html xmlns="http://www.w3.org/1999/xhtml" xml:lang="en" lang="en">
 <head>
  <title>
</title>
<meta http-equiv="Content-Type" content="text/html;charset=utf-8" />
  <meta name='ocr-system' content='tesseract 3.04.00' />
  <meta name='ocr-capabilities' content='ocr_page ocr_carea ocr_par ocr_line ocrx_word'/>
</head>
<body>
  <div class='ocr_page' id='page_1' title='image "./deposterioresch00delbgoog_0026.png"; bbox 0 0 3198 5056; ppageno 0'>
   <div class='ocr_carea' id='block_1_1' title="bbox 613 374 1341 429">
    <p class='ocr_par' dir='ltr' id='par_1_1' title="bbox 613 374 1341 429">
     <span class='ocr_line' id='line_1_1' title="bbox 613 374 1341 429; baseline -0.001 -2"><span class='ocrx_word' id='word_1_1' title='bbox 613 374 726 429; x_wconf 79' lang='lat' dir='ltr'>CAPUT</span> <span class='ocrx_word' id='word_1_2' title='bbox 750 374 938 429; x_wconf 82' lang='lat' dir='ltr'>SECUNDUM</span> <span class='ocrx_word' id='word_1_3' title='bbox 1312 377 1341 427; x_wconf 90' lang='lat' dir='ltr'>ll</span> 
     </span>
    </p>
   </div>
   <div class='ocr_carea' id='block_1_2' title="bbox 107 522 1342 3858">
    <p class='ocr_par' dir='ltr' id='par_1_2' title="bbox 198 522 1342 995">
     <span class='ocr_line' id='line_1_2' title="bbox 199 522 1342 623; baseline 0.001 -28"><span class='ocrx_word' id='word_1_4' title='bbox 199 522 289 596; x_wconf 90' lang='lat' dir='ltr'>tioni</span> <span class='ocrx_word' id='word_1_5' title='bbox 313 524 420 597; x_wconf 87' lang='lat' dir='ltr'>inest.</span> <span class='ocrx_word' id='word_1_6' title='bbox 452 527 565 598; x_wconf 82' lang='lat' dir='ltr'>Porro</span> <span class='ocrx_word' id='word_1_7' title='bbox 592 525 747 622; x_wconf 90' lang='lat' dir='ltr'>positiva</span> <span class='ocrx_word' id='word_1_8' title='bbox 768 525 1003 623; x_wconf 80' lang='lat' dir='ltr'>philosophia</span> <span class='ocrx_word' id='word_1_9' title='bbox 1025 526 1119 598; x_wconf 87' lang='lat' dir='ltr'>nihil</span> <span class='ocrx_word' id='word_1_10' title='bbox 1141 525 1211 621; x_wconf 90' lang='lat' dir='ltr'>nisi</span> <span class='ocrx_word' id='word_1_11' title='bbox 1232 527 1342 597; x_wconf 92' lang='lat' dir='ltr'>abso-</span> 
     </span>
     <span class='ocr_line' id='line_1_3' title="bbox 199 648 1340 746; baseline 0.002 -27"><span class='ocrx_word' id='word_1_12' title='bbox 199 648 315 721; x_wconf 89' lang='lat' dir='ltr'>lutum</span> <span class='ocrx_word' id='word_1_13' title='bbox 344 650 543 745; x_wconf 81' lang='lat' dir='ltr'>quidquam</span> <span class='ocrx_word' id='word_1_14' title='bbox 569 650 668 746; x_wconf 90' lang='lat' dir='ltr'>prius</span> <span class='ocrx_word' id='word_1_15' title='bbox 695 651 858 746; x_wconf 76' lang='lat' dir='ltr'>profiteri</span> <span class='ocrx_word' id='word_1_16' title='bbox 882 655 1016 746; x_wconf 88' lang='lat' dir='ltr'>potest,</span> <span class='ocrx_word' id='word_1_17' title='bbox 1038 651 1137 746; x_wconf 92' lang='lat' dir='ltr'>quod</span> <span class='ocrx_word' id='word_1_18' title='bbox 1160 673 1199 722; x_wconf 91' lang='lat' dir='ltr'>se</span> <span class='ocrx_word' id='word_1_19' title='bbox 1218 650 1340 745; x_wconf 88' lang='lat' dir='ltr'>ipsum</span> 
     </span>
     <span class='ocr_line' id='line_1_4' title="bbox 198 772 1341 871; baseline 0.001 -27"><span class='ocrx_word' id='word_1_20' title='bbox 198 772 314 846; x_wconf 91' lang='lat' dir='ltr'>libero</span> <span class='ocrx_word' id='word_1_21' title='bbox 339 774 486 847; x_wconf 89' lang='lat' dir='ltr'>decreto</span> <span class='ocrx_word' id='word_1_22' title='bbox 512 774 687 861; x_wconf 79' lang='lat' dir='ltr'>declaret,</span> <span class='ocrx_word' id='word_1_23' title='bbox 711 775 762 849; x_wconf 87' lang='lat' dir='ltr'>ita</span> <span class='ocrx_word' id='word_1_24' title='bbox 782 780 923 849; x_wconf 87' lang='lat' dir='ltr'>tantum</span> <span class='ocrx_word' id='word_1_25' title='bbox 947 776 1218 871; x_wconf 81' lang='lat' dir='ltr'>cognoscendo,</span> <span class='ocrx_word' id='word_1_26' title='bbox 1235 775 1266 846; x_wconf 92' lang='lat' dir='ltr'>si</span> <span class='ocrx_word' id='word_1_27' title='bbox 1282 797 1341 845; x_wconf 90' lang='lat' dir='ltr'>res</span> 
     </span>
     <span class='ocr_line' id='line_1_5' title="bbox 198 899 1021 995; baseline 0.001 -26"><span class='ocrx_word' id='word_1_28' title='bbox 198 922 264 993; x_wconf 90' lang='lat' dir='ltr'>per</span> <span class='ocrx_word' id='word_1_29' title='bbox 279 899 541 994; x_wconf 74' lang='lat' dir='ltr'>experientiam</span> <span class='ocrx_word' id='word_1_30' title='bbox 558 904 594 973; x_wconf 83' lang='lat' dir='ltr'>et</span> <span class='ocrx_word' id='word_1_31' title='bbox 609 925 631 971; x_wconf 86' lang='lat' dir='ltr'>o</span> <span class='ocrx_word' id='word_1_32' title='bbox 638 902 830 995; x_wconf 78' lang='lat' dir='ltr'>posteriori</span> <span class='ocrx_word' id='word_1_33' title='bbox 845 905 987 994; x_wconf 89' lang='lat' dir='ltr'>spectes</span> <span class='ocrx_word' id='word_1_34' title='bbox 998 900 1021 969; x_wconf 81' lang='lat'>¹.</span> 
     </span>
    </p>

    <p class='ocr_par' dir='ltr' id='par_1_3' title="bbox 198 1020 1339 1366">
     <span class='ocr_line' id='line_1_6' title="bbox 248 1020 1339 1119; baseline -0.003 -23"><span class='ocrx_word' id='word_1_35' title='bbox 248 1023 319 1096; x_wconf 83' lang='lat' dir='ltr'>Sed</span> <span class='ocrx_word' id='word_1_36' title='bbox 334 1022 546 1119; x_wconf 82' lang='lat' dir='ltr'>priusquam</span> <span class='ocrx_word' id='word_1_37' title='bbox 558 1023 680 1112; x_wconf 89' lang='lat' dir='ltr'>latius,</span> <span class='ocrx_word' id='word_1_38' title='bbox 694 1022 781 1119; x_wconf 94' lang='lat' dir='ltr'>quid</span> <span class='ocrx_word' id='word_1_39' title='bbox 797 1022 893 1094; x_wconf 90' lang='lat' dir='ltr'>inter</span> <span class='ocrx_word' id='word_1_40' title='bbox 908 1022 998 1094; x_wconf 89' lang='lat' dir='ltr'>duas</span> <span class='ocrx_word' id='word_1_41' title='bbox 1009 1020 1263 1118; x_wconf 84' lang='lat' dir='ltr'>philosophias</span> <span class='ocrx_word' id='word_1_42' title='bbox 1279 1022 1339 1110; x_wconf 92' lang='lat' dir='ltr'>sit,</span> 
     </span>
     <span class='ocr_line' id='line_1_7' title="bbox 198 1145 1338 1243; baseline 0 -26"><span class='ocrx_word' id='word_1_43' title='bbox 198 1147 407 1236; x_wconf 77' lang='lat' dir='ltr'>doceamuS,</span> <span class='ocrx_word' id='word_1_44' title='bbox 430 1171 503 1220; x_wconf 92' lang='lat' dir='ltr'>non</span> <span class='ocrx_word' id='word_1_45' title='bbox 529 1171 795 1243; x_wconf 88' lang='lat' dir='ltr'>supervacuum</span> <span class='ocrx_word' id='word_1_46' title='bbox 812 1146 957 1219; x_wconf 86' lang='lat' dir='ltr'>videtur</span> <span class='ocrx_word' id='word_1_47' title='bbox 972 1145 1168 1241; x_wconf 83' lang='lat' dir='ltr'>inquirere,</span> <span class='ocrx_word' id='word_1_48' title='bbox 1185 1169 1275 1240; x_wconf 91' lang='lat' dir='ltr'>quas</span> <span class='ocrx_word' id='word_1_49' title='bbox 1292 1147 1338 1218; x_wconf 91' lang='lat' dir='ltr'>oh</span> 
     </span>
     <span class='ocr_line' id='line_1_8' title="bbox 198 1269 1223 1366; baseline -0.001 -23"><span class='ocrx_word' id='word_1_50' title='bbox 198 1295 327 1343; x_wconf 78' lang='lat' dir='ltr'>causas</span> <span class='ocrx_word' id='word_1_51' title='bbox 339 1270 586 1366; x_wconf 85' lang='lat' dir='ltr'>Schellingius</span> <span class='ocrx_word' id='word_1_52' title='bbox 602 1271 683 1343; x_wconf 92' lang='lat' dir='ltr'>illas</span> <span class='ocrx_word' id='word_1_53' title='bbox 699 1269 845 1343; x_wconf 92' lang='lat' dir='ltr'>tandem</span> <span class='ocrx_word' id='word_1_54' title='bbox 862 1270 1026 1344; x_wconf 81' lang='lat' dir='ltr'>diversas</span> <span class='ocrx_word' id='word_1_55' title='bbox 1041 1269 1223 1342; x_wconf 90' lang='lat' dir='ltr'>hahuerit.</span> 
     </span>
    </p>

    <p class='ocr_par' dir='ltr' id='par_1_4' title="bbox 107 1393 1340 2987">
     <span class='ocr_line' id='line_1_9' title="bbox 246 1393 1338 1491; baseline -0.004 -23"><span class='ocrx_word' id='word_1_56' title='bbox 246 1395 354 1468; x_wconf 87' lang='lat' dir='ltr'>Certo</span> <span class='ocrx_word' id='word_1_57' title='bbox 373 1396 532 1489; x_wconf 89' lang='lat' dir='ltr'>quodam</span> <span class='ocrx_word' id='word_1_58' title='bbox 548 1400 711 1490; x_wconf 87' lang='lat' dir='ltr'>tempore</span> <span class='ocrx_word' id='word_1_59' title='bbox 729 1419 771 1468; x_wconf 91' lang='lat' dir='ltr'>ea</span> <span class='ocrx_word' id='word_1_60' title='bbox 790 1394 1022 1491; x_wconf 87' lang='lat' dir='ltr'>potissimum</span> <span class='ocrx_word' id='word_1_61' title='bbox 1040 1393 1106 1468; x_wconf 88' lang='lat' dir='ltr'>luit</span> <span class='ocrx_word' id='word_1_62' title='bbox 1121 1393 1338 1489; x_wconf 74' lang='lat' dir='ltr'>schellingii</span> 
     </span>
     <span class='ocr_line' id='line_1_10' title="bbox 197 1519 1340 1617; baseline -0.002 -26"><span class='ocrx_word' id='word_1_63' title='bbox 197 1541 297 1606; x_wconf 90' lang='lat' dir='ltr'>cura,</span> <span class='ocrx_word' id='word_1_64' title='bbox 326 1525 366 1591; x_wconf 95' lang='lat' dir='ltr'>ut</span> <span class='ocrx_word' id='word_1_65' title='bbox 395 1524 494 1591; x_wconf 90' lang='lat' dir='ltr'>trans</span> <span class='ocrx_word' id='word_1_66' title='bbox 524 1519 793 1615; x_wconf 88' lang='lat' dir='ltr'>pantheismum</span> <span class='ocrx_word' id='word_1_67' title='bbox 820 1525 1045 1617; x_wconf 82' lang='lat' dir='ltr'>exsurgeret,</span> <span class='ocrx_word' id='word_1_68' title='bbox 1079 1524 1126 1607; x_wconf 88' lang='lat' dir='ltr'>et,</span> <span class='ocrx_word' id='word_1_69' title='bbox 1156 1519 1340 1614; x_wconf 91' lang='lat' dir='ltr'>quomodo</span> 
     </span>
     <span class='ocr_line' id='line_1_11' title="bbox 197 1642 1340 1740; baseline 0 -28"><span class='ocrx_word' id='word_1_70' title='bbox 197 1642 293 1716; x_wconf 85' lang='lat' dir='ltr'>Deus</span> <span class='ocrx_word' id='word_1_71' title='bbox 318 1667 476 1740; x_wconf 89' lang='lat' dir='ltr'>persona</span> <span class='ocrx_word' id='word_1_72' title='bbox 497 1643 575 1740; x_wconf 91' lang='lat' dir='ltr'>ipse</span> <span class='ocrx_word' id='word_1_73' title='bbox 600 1644 661 1733; x_wconf 91' lang='lat' dir='ltr'>sit,</span> <span class='ocrx_word' id='word_1_74' title='bbox 678 1646 960 1718; x_wconf 88' lang='lat' dir='ltr'>demonstraret.</span> <span class='ocrx_word' id='word_1_75' title='bbox 980 1645 1084 1731; x_wconf 83' lang='lat' dir='ltr'>Quod</span> <span class='ocrx_word' id='word_1_76' title='bbox 1114 1643 1144 1715; x_wconf 92' lang='lat' dir='ltr'>si</span> <span class='ocrx_word' id='word_1_77' title='bbox 1169 1666 1212 1716; x_wconf 91' lang='lat' dir='ltr'>eo</span> <span class='ocrx_word' id='word_1_78' title='bbox 1237 1666 1340 1714; x_wconf 88' lang='lat' dir='ltr'>mens</span> 
     </span>
     <span class='ocr_line' id='line_1_12' title="bbox 193 1766 1339 1865; baseline -0.002 -26"><span class='ocrx_word' id='word_1_79' title='bbox 193 1766 272 1863; x_wconf 88' lang='lat' dir='ltr'>ejus</span> <span class='ocrx_word' id='word_1_80' title='bbox 302 1768 532 1863; x_wconf 87' lang='lat' dir='ltr'>spectaverit,</span> <span class='ocrx_word' id='word_1_81' title='bbox 561 1770 598 1841; x_wconf 91' lang='lat' dir='ltr'>id</span> <span class='ocrx_word' id='word_1_82' title='bbox 620 1770 692 1842; x_wconf 88' lang='lat' dir='ltr'>ulla</span> <span class='ocrx_word' id='word_1_83' title='bbox 725 1775 899 1865; x_wconf 90' lang='lat' dir='ltr'>exparte</span> <span class='ocrx_word' id='word_1_84' title='bbox 924 1769 1059 1857; x_wconf 87' lang='lat' dir='ltr'>evenit,</span> <span class='ocrx_word' id='word_1_85' title='bbox 1078 1792 1160 1841; x_wconf 91' lang='lat' dir='ltr'>com</span> <span class='ocrx_word' id='word_1_86' title='bbox 1183 1767 1297 1839; x_wconf 90' lang='lat' dir='ltr'>multa</span> <span class='ocrx_word' id='word_1_87' title='bbox 1322 1792 1339 1837; x_wconf 95' lang='lat' dir='ltr'>e</span> 
     </span>
     <span class='ocr_line' id='line_1_13' title="bbox 194 1891 1339 1991; baseline -0.002 -28"><span class='ocrx_word' id='word_1_88' title='bbox 194 1893 356 1988; x_wconf 78' lang='lat' dir='ltr'>mysticis</span> <span class='ocrx_word' id='word_1_89' title='bbox 377 1893 523 1991; x_wconf 88' lang='lat' dir='ltr'>seriptis</span> <span class='ocrx_word' id='word_1_90' title='bbox 546 1893 715 1967; x_wconf 90' lang='lat' dir='ltr'>Boehmii</span> <span class='ocrx_word' id='word_1_91' title='bbox 734 1900 771 1967; x_wconf 90' lang='lat' dir='ltr'>et</span> <span class='ocrx_word' id='word_1_92' title='bbox 792 1893 947 1967; x_wconf 79' lang='lat' dir='ltr'>Baaderi</span> <span class='ocrx_word' id='word_1_93' title='bbox 964 1895 1215 1966; x_wconf 86' lang='lat' dir='ltr'>mutuabatur.</span> <span class='ocrx_word' id='word_1_94' title='bbox 1237 1891 1339 1962; x_wconf 86' lang='lat' dir='ltr'>Tunc</span> 
     </span>
     <span class='ocr_line' id='line_1_14' title="bbox 192 2016 1340 2114; baseline -0.003 -25"><span class='ocrx_word' id='word_1_95' title='bbox 192 2017 327 2090; x_wconf 92' lang='lat' dir='ltr'>librum</span> <span class='ocrx_word' id='word_1_96' title='bbox 357 2016 535 2105; x_wconf 84' lang='lat' dir='ltr'>condidit,</span> <span class='ocrx_word' id='word_1_97' title='bbox 562 2018 624 2114; x_wconf 93' lang='lat' dir='ltr'>qui</span> <span class='ocrx_word' id='word_1_98' title='bbox 657 2049 673 2085; x_wconf 71' lang='grc' dir='ltr'>ι(</span> <span class='ocrx_word' id='word_1_99' title='bbox 705 2018 985 2113; x_wconf 77' lang='lat' dir='ltr'>Philosophisolre</span> <span class='ocrx_word' id='word_1_100' title='bbox 1023 2018 1340 2113; x_wconf 72' lang='lat' dir='ltr'>Uotersuctuopen</span> 
     </span>
     <span class='ocr_line' id='line_1_15' title="bbox 193 2130 1340 2216; baseline -0.001 -5"><span class='ocrx_word' id='word_1_101' title='bbox 193 2141 279 2213; x_wconf 77' lang='lat' dir='ltr'>ridor</span> <span class='ocrx_word' id='word_1_102' title='bbox 301 2141 364 2214; x_wconf 82' lang='lat' dir='ltr'>dor</span> <span class='ocrx_word' id='word_1_103' title='bbox 393 2143 519 2215; x_wconf 85' lang='lat' dir='ltr'>Wereo</span> <span class='ocrx_word' id='word_1_104' title='bbox 540 2142 603 2215; x_wconf 82' lang='lat' dir='ltr'>der</span> <span class='ocrx_word' id='word_1_105' title='bbox 624 2144 878 2216; x_wconf 75' lang='lat' dir='ltr'>orreorchliclioo</span> <span class='ocrx_word' id='word_1_106' title='bbox 898 2130 1062 2216; x_wconf 67' lang='lat' dir='ltr'>&#39;Proitou</span> <span class='ocrx_word' id='word_1_107' title='bbox 1087 2172 1102 2208; x_wconf 73' lang='grc' dir='ltr'>ι</span> <span class='ocrx_word' id='word_1_108' title='bbox 1127 2139 1340 2213; x_wconf 88' lang='lat' dir='ltr'>inscribitur</span> 
     </span>
     <span class='ocr_line' id='line_1_16' title="bbox 107 2262 1340 2363; baseline -0.002 -26"><span class='ocrx_word' id='word_1_109' title='bbox 107 2262 115 2270; x_wconf 85' lang='grc'><strong>’</strong></span> <span class='ocrx_word' id='word_1_110' title='bbox 192 2264 312 2360; x_wconf 83' lang='grc'>(1809)</span> <span class='ocrx_word' id='word_1_111' title='bbox 324 2265 348 2336; x_wconf 76' lang='lat'>².</span> <span class='ocrx_word' id='word_1_112' title='bbox 370 2266 451 2338; x_wconf 86' lang='lat' dir='ltr'>Jam</span> <span class='ocrx_word' id='word_1_113' title='bbox 467 2265 576 2362; x_wconf 90' lang='lat' dir='ltr'>paulo</span> <span class='ocrx_word' id='word_1_114' title='bbox 592 2272 701 2340; x_wconf 88' lang='lat' dir='ltr'>antea</span> <span class='ocrx_word' id='word_1_115' title='bbox 721 2268 759 2339; x_wconf 91' lang='lat' dir='ltr'>in</span> <span class='ocrx_word' id='word_1_116' title='bbox 773 2268 834 2340; x_wconf 94' lang='lat' dir='ltr'>illo</span> <span class='ocrx_word' id='word_1_117' title='bbox 853 2291 963 2363; x_wconf 91' lang='lat' dir='ltr'>opere</span> <span class='ocrx_word' id='word_1_118' title='bbox 979 2265 1157 2361; x_wconf 89' lang='lat' dir='ltr'>inscripto</span> <span class='ocrx_word' id='word_1_119' title='bbox 1177 2296 1194 2333; x_wconf 71' lang='grc' dir='ltr'>(ι</span> <span class='ocrx_word' id='word_1_120' title='bbox 1210 2265 1340 2336; x_wconf 76' lang='lat' dir='ltr'>Philo-</span> 
     </span>
     <span class='ocr_line' id='line_1_17' title="bbox 189 2390 1337 2489; baseline 0 -30"><span class='ocrx_word' id='word_1_121' title='bbox 189 2390 309 2484; x_wconf 57' lang='lat' dir='ltr'>ruptio</span> <span class='ocrx_word' id='word_1_122' title='bbox 323 2390 400 2462; x_wconf 83' lang='lat' dir='ltr'>uod</span> <span class='ocrx_word' id='word_1_123' title='bbox 409 2392 576 2487; x_wconf 81' lang='lat' dir='ltr'>Rolipiou</span> <span class='ocrx_word' id='word_1_124' title='bbox 595 2421 611 2457; x_wconf 89' lang='lat'>»</span> <span class='ocrx_word' id='word_1_125' title='bbox 626 2391 745 2489; x_wconf 69' lang='lat'>(1804)</span> <span class='ocrx_word' id='word_1_126' title='bbox 763 2394 942 2465; x_wconf 90' lang='lat' dir='ltr'>mundum</span> <span class='ocrx_word' id='word_1_127' title='bbox 959 2391 1151 2464; x_wconf 76' lang='lat' dir='ltr'>effinxerat</span> <span class='ocrx_word' id='word_1_128' title='bbox 1163 2395 1337 2484; x_wconf 89' lang='lat' dir='ltr'>tanquam</span> 
     </span>
     <span class='ocr_line' id='line_1_18' title="bbox 190 2493 1338 2612; baseline -0.002 -25"><span class='ocrx_word' id='word_1_129' title='bbox 190 2538 209 2587; x_wconf 90' lang='lat' dir='ltr'>e</span> <span class='ocrx_word' id='word_1_130' title='bbox 241 2515 315 2587; x_wconf 86' lang='lat' dir='ltr'>Deo</span> <span class='ocrx_word' id='word_1_131' title='bbox 345 2514 550 2611; x_wconf 89' lang='lat' dir='ltr'>delapsum.</span> <span class='ocrx_word' id='word_1_132' title='bbox 574 2493 679 2588; x_wconf 86' lang='lat' dir='ltr'>Nunc</span> <span class='ocrx_word' id='word_1_133' title='bbox 702 2522 839 2607; x_wconf 88' lang='lat' dir='ltr'>autem,</span> <span class='ocrx_word' id='word_1_134' title='bbox 864 2517 962 2612; x_wconf 90' lang='lat' dir='ltr'>quod</span> <span class='ocrx_word' id='word_1_135' title='bbox 987 2514 1107 2588; x_wconf 90' lang='lat' dir='ltr'>adhuc</span> <span class='ocrx_word' id='word_1_136' title='bbox 1130 2515 1197 2588; x_wconf 89' lang='lat' dir='ltr'>suh</span> <span class='ocrx_word' id='word_1_137' title='bbox 1218 2513 1338 2609; x_wconf 89' lang='lat' dir='ltr'>specie</span> 
     </span>
     <span class='ocr_line' id='line_1_19' title="bbox 189 2639 1336 2738; baseline -0.001 -28"><span class='ocrx_word' id='word_1_138' title='bbox 189 2640 360 2712; x_wconf 85' lang='lat' dir='ltr'>rationali</span> <span class='ocrx_word' id='word_1_139' title='bbox 388 2646 424 2713; x_wconf 90' lang='lat' dir='ltr'>ct</span> <span class='ocrx_word' id='word_1_140' title='bbox 449 2643 630 2714; x_wconf 88' lang='lat' dir='ltr'>abstracta</span> <span class='ocrx_word' id='word_1_141' title='bbox 655 2649 875 2738; x_wconf 87' lang='lat' dir='ltr'>conceptum</span> <span class='ocrx_word' id='word_1_142' title='bbox 899 2647 991 2729; x_wconf 90' lang='lat' dir='ltr'>erat,</span> <span class='ocrx_word' id='word_1_143' title='bbox 1013 2641 1182 2713; x_wconf 86' lang='lat' dir='ltr'>videlicet</span> <span class='ocrx_word' id='word_1_144' title='bbox 1203 2639 1336 2711; x_wconf 86' lang='lat' dir='ltr'>divinae</span> 
     </span>
     <span class='ocr_line' id='line_1_20' title="bbox 189 2764 1336 2862; baseline -0.001 -27"><span class='ocrx_word' id='word_1_145' title='bbox 189 2764 391 2838; x_wconf 73' lang='lat' dir='ltr'>existentia</span> <span class='ocrx_word' id='word_1_146' title='bbox 426 2765 612 2857; x_wconf 87' lang='lat' dir='ltr'>identitas,</span> <span class='ocrx_word' id='word_1_147' title='bbox 639 2772 816 2862; x_wconf 87' lang='lat' dir='ltr'>tanquam</span> <span class='ocrx_word' id='word_1_148' title='bbox 846 2765 992 2839; x_wconf 91' lang='lat' dir='ltr'>mobilis</span> <span class='ocrx_word' id='word_1_149' title='bbox 1022 2770 1059 2837; x_wconf 89' lang='lat' dir='ltr'>et</span> <span class='ocrx_word' id='word_1_150' title='bbox 1089 2766 1126 2836; x_wconf 89' lang='lat' dir='ltr'>in</span> <span class='ocrx_word' id='word_1_151' title='bbox 1158 2787 1336 2861; x_wconf 89' lang='lat' dir='ltr'>processu</span> 
     </span>
     <span class='ocr_line' id='line_1_21' title="bbox 189 2888 1336 2987; baseline -0.001 -28"><span class='ocrx_word' id='word_1_152' title='bbox 189 2888 262 2961; x_wconf 89' lang='lat' dir='ltr'>vita</span> <span class='ocrx_word' id='word_1_153' title='bbox 296 2888 463 2984; x_wconf 72' lang='lat' dir='ltr'>quaedam</span> <span class='ocrx_word' id='word_1_154' title='bbox 495 2892 698 2987; x_wconf 78' lang='lat' dir='ltr'>exponItur.</span> <span class='ocrx_word' id='word_1_155' title='bbox 747 2890 891 2963; x_wconf 88' lang='lat' dir='ltr'>Etenim</span> <span class='ocrx_word' id='word_1_156' title='bbox 928 2889 964 2962; x_wconf 93' lang='lat' dir='ltr'>in</span> <span class='ocrx_word' id='word_1_157' title='bbox 1003 2914 1047 2962; x_wconf 86' lang='lat' dir='ltr'>eo</span> <span class='ocrx_word' id='word_1_158' title='bbox 1092 2888 1336 2983; x_wconf 73' lang='lat' dir='ltr'>schellingius</span> 
     </span>
    </p>

    <p class='ocr_par' dir='ltr' id='par_1_5' title="bbox 170 3013 1336 3858">
     <span class='ocr_line' id='line_1_22' title="bbox 194 3013 1336 3102; baseline 0 -18"><span class='ocrx_word' id='word_1_159' title='bbox 194 3013 338 3101; x_wconf 87' lang='lat' dir='ltr'>insistit,</span> <span class='ocrx_word' id='word_1_160' title='bbox 358 3020 397 3086; x_wconf 94' lang='lat' dir='ltr'>ut</span> <span class='ocrx_word' id='word_1_161' title='bbox 418 3039 565 3087; x_wconf 89' lang='lat' dir='ltr'>necesse</span> <span class='ocrx_word' id='word_1_162' title='bbox 579 3015 635 3102; x_wconf 89' lang='lat' dir='ltr'>sit,</span> <span class='ocrx_word' id='word_1_163' title='bbox 652 3038 736 3087; x_wconf 91' lang='lat' dir='ltr'>cum</span> <span class='ocrx_word' id='word_1_164' title='bbox 756 3015 852 3087; x_wconf 86' lang='lat' dir='ltr'>Deus</span> <span class='ocrx_word' id='word_1_165' title='bbox 869 3013 915 3087; x_wconf 91' lang='lat' dir='ltr'>sit</span> <span class='ocrx_word' id='word_1_166' title='bbox 934 3038 1042 3087; x_wconf 89' lang='lat' dir='ltr'>causa</span> <span class='ocrx_word' id='word_1_167' title='bbox 1062 3014 1131 3101; x_wconf 90' lang='lat' dir='ltr'>sui,</span> <span class='ocrx_word' id='word_1_168' title='bbox 1146 3015 1183 3084; x_wconf 89' lang='lat' dir='ltr'>in</span> <span class='ocrx_word' id='word_1_169' title='bbox 1198 3014 1273 3085; x_wconf 88' lang='lat' dir='ltr'>Deo</span> <span class='ocrx_word' id='word_1_170' title='bbox 1292 3014 1336 3084; x_wconf 90' lang='lat' dir='ltr'>ab</span> 
     </span>
     <span class='ocr_line' id='line_1_23' title="bbox 193 3137 1334 3233; baseline -0.002 -24"><span class='ocrx_word' id='word_1_171' title='bbox 193 3137 322 3211; x_wconf 82' lang='lat' dir='ltr'>ellectu</span> <span class='ocrx_word' id='word_1_172' title='bbox 338 3161 485 3211; x_wconf 90' lang='lat' dir='ltr'>causam</span> <span class='ocrx_word' id='word_1_173' title='bbox 503 3163 581 3211; x_wconf 90' lang='lat' dir='ltr'>esse</span> <span class='ocrx_word' id='word_1_174' title='bbox 594 3138 822 3228; x_wconf 89' lang='lat' dir='ltr'>distinctam;</span> <span class='ocrx_word' id='word_1_175' title='bbox 837 3140 1028 3212; x_wconf 89' lang='lat' dir='ltr'>contendit</span> <span class='ocrx_word' id='word_1_176' title='bbox 1043 3137 1153 3233; x_wconf 78' lang='lat' dir='ltr'>igitur</span> <span class='ocrx_word' id='word_1_177' title='bbox 1164 3143 1334 3232; x_wconf 92' lang='lat' dir='ltr'>oportere</span> 
     </span>
     <span class='ocr_line' id='line_1_24' title="bbox 193 3259 1333 3359; baseline -0.001 -26"><span class='ocrx_word' id='word_1_178' title='bbox 193 3261 399 3347; x_wconf 79' lang='lat' dir='ltr'>existentiae</span> <span class='ocrx_word' id='word_1_179' title='bbox 421 3262 553 3335; x_wconf 76' lang='lat' dir='ltr'>divina</span> <span class='ocrx_word' id='word_1_180' title='bbox 581 3263 816 3359; x_wconf 88' lang='lat' dir='ltr'>principium,</span> <span class='ocrx_word' id='word_1_181' title='bbox 845 3268 970 3358; x_wconf 90' lang='lat' dir='ltr'>utpote</span> <span class='ocrx_word' id='word_1_182' title='bbox 995 3285 1016 3334; x_wconf 96' lang='lat' dir='ltr'>a</span> <span class='ocrx_word' id='word_1_183' title='bbox 1043 3261 1117 3335; x_wconf 86' lang='lat' dir='ltr'>Deo</span> <span class='ocrx_word' id='word_1_184' title='bbox 1143 3259 1333 3347; x_wconf 89' lang='lat' dir='ltr'>dissimile,</span> 
     </span>
     <span class='ocr_line' id='line_1_25' title="bbox 191 3364 1335 3484; baseline -0.001 -27.018"><span class='ocrx_word' id='word_1_185' title='bbox 191 3385 333 3481; x_wconf 88' lang='lat' dir='ltr'>inspici.</span> <span class='ocrx_word' id='word_1_186' title='bbox 358 3388 438 3460; x_wconf 88' lang='lat' dir='ltr'>Hoc</span> <span class='ocrx_word' id='word_1_187' title='bbox 465 3411 576 3484; x_wconf 92' lang='lat' dir='ltr'>porro</span> <span class='ocrx_word' id='word_1_188' title='bbox 606 3386 736 3460; x_wconf 80' lang='lat' dir='ltr'>divinae</span> <span class='ocrx_word' id='word_1_189' title='bbox 766 3386 969 3459; x_wconf 73' lang='lat' dir='ltr'>existentia</span> <span class='ocrx_word' id='word_1_190' title='bbox 998 3364 1217 3481; x_wconf 89' lang='lat' dir='ltr'>principium</span> <span class='ocrx_word' id='word_1_191' title='bbox 1243 3384 1335 3456; x_wconf 92' lang='lat' dir='ltr'>nihil</span> 
     </span>
     <span class='ocr_line' id='line_1_26' title="bbox 190 3510 1333 3608; baseline -0.002 -26"><span class='ocrx_word' id='word_1_192' title='bbox 190 3511 289 3583; x_wconf 93' lang='lat' dir='ltr'>aliud</span> <span class='ocrx_word' id='word_1_193' title='bbox 313 3517 369 3584; x_wconf 91' lang='lat' dir='ltr'>est</span> <span class='ocrx_word' id='word_1_194' title='bbox 405 3537 515 3608; x_wconf 90' lang='lat' dir='ltr'>quam</span> <span class='ocrx_word' id='word_1_195' title='bbox 550 3517 694 3601; x_wconf 89' lang='lat' dir='ltr'>natura,</span> <span class='ocrx_word' id='word_1_196' title='bbox 725 3511 865 3584; x_wconf 85' lang='lat' dir='ltr'>scilieet</span> <span class='ocrx_word' id='word_1_197' title='bbox 902 3510 1063 3606; x_wconf 87' lang='lat' dir='ltr'>potentia</span> <span class='ocrx_word' id='word_1_198' title='bbox 1094 3510 1333 3604; x_wconf 89' lang='lat' dir='ltr'>voluntasque</span> 
     </span>
     <span class='ocr_line' id='line_1_27' title="bbox 191 3635 1331 3733; baseline -0.002 -26"><span class='ocrx_word' id='word_1_199' title='bbox 191 3635 380 3727; x_wconf 85' lang='lat' dir='ltr'>existendi,</span> <span class='ocrx_word' id='word_1_200' title='bbox 397 3661 477 3732; x_wconf 90' lang='lat' dir='ltr'>quae</span> <span class='ocrx_word' id='word_1_201' title='bbox 494 3636 640 3733; x_wconf 90' lang='lat' dir='ltr'>quidem</span> <span class='ocrx_word' id='word_1_202' title='bbox 657 3642 711 3710; x_wconf 90' lang='lat' dir='ltr'>est</span> <span class='ocrx_word' id='word_1_203' title='bbox 726 3637 828 3733; x_wconf 90' lang='lat' dir='ltr'>quasi</span> <span class='ocrx_word' id='word_1_204' title='bbox 845 3660 943 3709; x_wconf 81' lang='lat' dir='ltr'>caeca</span> <span class='ocrx_word' id='word_1_205' title='bbox 958 3658 1076 3731; x_wconf 88' lang='lat' dir='ltr'>neque</span> <span class='ocrx_word' id='word_1_206' title='bbox 1093 3635 1148 3707; x_wconf 91' lang='lat' dir='ltr'>sui</span> <span class='ocrx_word' id='word_1_207' title='bbox 1163 3635 1331 3718; x_wconf 69' lang='lat' dir='ltr'>conscia,</span> 
     </span>
     <span class='ocr_line' id='line_1_28' title="bbox 189 3757 1334 3858; baseline -0.003 -25"><span class='ocrx_word' id='word_1_208' title='bbox 189 3760 273 3847; x_wconf 93' lang='lat' dir='ltr'>hoc,</span> <span class='ocrx_word' id='word_1_209' title='bbox 296 3763 459 3857; x_wconf 87' lang='lat' dir='ltr'>inquam,</span> <span class='ocrx_word' id='word_1_210' title='bbox 483 3762 705 3858; x_wconf 89' lang='lat' dir='ltr'>principium</span> <span class='ocrx_word' id='word_1_211' title='bbox 727 3767 780 3834; x_wconf 92' lang='lat' dir='ltr'>est</span> <span class='ocrx_word' id='word_1_212' title='bbox 801 3761 858 3834; x_wconf 92' lang='lat' dir='ltr'>sui</span> <span class='ocrx_word' id='word_1_213' title='bbox 884 3761 997 3857; x_wconf 92' lang='lat' dir='ltr'>ipsius</span> <span class='ocrx_word' id='word_1_214' title='bbox 1021 3757 1194 3856; x_wconf 80' lang='lat' dir='ltr'>gignendi</span> <span class='ocrx_word' id='word_1_215' title='bbox 1220 3781 1334 3854; x_wconf 90' lang='lat' dir='ltr'>appe·</span> 
     </span>
    </p>
   </div>
   <div class='ocr_carea' id='block_1_3' title="bbox 185 4008 1332 4475">
    <p class='ocr_par' dir='ltr' id='par_1_6' title="bbox 220 4008 1176 4074">
     <span class='ocr_line' id='line_1_29' title="bbox 220 4008 1176 4074; baseline -0.004 -17"><span class='ocrx_word' id='word_1_216' title='bbox 220 4010 241 4057; x_wconf 89' lang='lat' dir='ltr'>l.</span> <span class='ocrx_word' id='word_1_217' title='bbox 259 4009 413 4073; x_wconf 81' lang='lat' dir='ltr'>Eioieituop</span> <span class='ocrx_word' id='word_1_218' title='bbox 428 4011 456 4058; x_wconf 84' lang='lat' dir='ltr'>io</span> <span class='ocrx_word' id='word_1_219' title='bbox 467 4011 509 4058; x_wconf 82' lang='lat' dir='ltr'>cite</span> <span class='ocrx_word' id='word_1_220' title='bbox 523 4009 694 4074; x_wconf 77' lang='lat' dir='ltr'>Philosophia</span> <span class='ocrx_word' id='word_1_221' title='bbox 706 4009 754 4059; x_wconf 82' lang='lat' dir='ltr'>der·</span> <span class='ocrx_word' id='word_1_222' title='bbox 765 4008 959 4073; x_wconf 70' lang='lat' dir='ltr'>Offeodoruop,</span> <span class='ocrx_word' id='word_1_223' title='bbox 974 4009 1006 4066; x_wconf 93' lang='lat' dir='ltr'>ll,</span> <span class='ocrx_word' id='word_1_224' title='bbox 1023 4021 1063 4069; x_wconf 84' lang='lat' dir='ltr'>nr,</span> <span class='ocrx_word' id='word_1_225' title='bbox 1079 4022 1107 4071; x_wconf 89' lang='lat' dir='ltr'>p.</span> <span class='ocrx_word' id='word_1_226' title='bbox 1124 4009 1176 4054; x_wconf 65' lang='lat' dir='ltr'>idi.</span> 
     </span>
    </p>

    <p class='ocr_par' dir='ltr' id='par_1_7' title="bbox 185 4086 1332 4475">
     <span class='ocr_line' id='line_1_30' title="bbox 220 4086 1332 4155; baseline -0.003 -19"><span class='ocrx_word' id='word_1_227' title='bbox 220 4091 243 4137; x_wconf 81' lang='lat'>2.</span> <span class='ocrx_word' id='word_1_228' title='bbox 263 4089 382 4153; x_wconf 83' lang='lat' dir='ltr'>Plerique</span> <span class='ocrx_word' id='word_1_229' title='bbox 397 4104 499 4149; x_wconf 89' lang='lat' dir='ltr'>eorum,</span> <span class='ocrx_word' id='word_1_230' title='bbox 513 4090 560 4154; x_wconf 87' lang='lat' dir='ltr'>qui</span> <span class='ocrx_word' id='word_1_231' title='bbox 572 4091 604 4140; x_wconf 87' lang='lat' dir='ltr'>do</span> <span class='ocrx_word' id='word_1_232' title='bbox 619 4091 815 4155; x_wconf 81' lang='lat' dir='ltr'>schellingiana</span> <span class='ocrx_word' id='word_1_233' title='bbox 828 4089 1001 4154; x_wconf 87' lang='lat' dir='ltr'>philosophia</span> <span class='ocrx_word' id='word_1_234' title='bbox 1015 4089 1190 4151; x_wconf 88' lang='lat' dir='ltr'>scripserunt,</span> <span class='ocrx_word' id='word_1_235' title='bbox 1203 4086 1332 4135; x_wconf 83' lang='lat' dir='ltr'>Schellin-</span> 
     </span>
     <span class='ocr_line' id='line_1_31' title="bbox 188 4167 1331 4234; baseline -0.002 -18"><span class='ocrx_word' id='word_1_236' title='bbox 188 4168 248 4232; x_wconf 79' lang='lat' dir='ltr'>gius</span> <span class='ocrx_word' id='word_1_237' title='bbox 261 4169 343 4219; x_wconf 85' lang='lat' dir='ltr'>otiam</span> <span class='ocrx_word' id='word_1_238' title='bbox 358 4171 424 4234; x_wconf 88' lang='lat' dir='ltr'>ipse,</span> <span class='ocrx_word' id='word_1_239' title='bbox 441 4174 557 4221; x_wconf 88' lang='lat' dir='ltr'>tractatu</span> <span class='ocrx_word' id='word_1_240' title='bbox 570 4171 602 4221; x_wconf 86' lang='lat' dir='ltr'>do</span> <span class='ocrx_word' id='word_1_241' title='bbox 617 4172 740 4222; x_wconf 88' lang='lat' dir='ltr'>libertate</span> <span class='ocrx_word' id='word_1_242' title='bbox 757 4171 835 4220; x_wconf 90' lang='lat' dir='ltr'>initia</span> <span class='ocrx_word' id='word_1_243' title='bbox 849 4169 1008 4233; x_wconf 88' lang='lat' dir='ltr'>posterioris</span> <span class='ocrx_word' id='word_1_244' title='bbox 1024 4167 1152 4217; x_wconf 75' lang='lat' dir='ltr'>doctrinm</span> <span class='ocrx_word' id='word_1_245' title='bbox 1167 4167 1258 4230; x_wconf 89' lang='lat' dir='ltr'>posita</span> <span class='ocrx_word' id='word_1_246' title='bbox 1272 4180 1331 4215; x_wconf 86' lang='lat' dir='ltr'>esse</span> 
     </span>
     <span class='ocr_line' id='line_1_32' title="bbox 188 4245 1331 4312; baseline -0.002 -15"><span class='ocrx_word' id='word_1_247' title='bbox 188 4248 420 4300; x_wconf 87' lang='lat' dir='ltr'>existimaverunt.</span> <span class='ocrx_word' id='word_1_248' title='bbox 433 4278 465 4286; x_wconf 99' lang='lat'>—</span> <span class='ocrx_word' id='word_1_249' title='bbox 475 4251 635 4303; x_wconf 80' lang='lat' dir='ltr'>Constantia</span> <span class='ocrx_word' id='word_1_250' title='bbox 644 4252 735 4312; x_wconf 80' lang='lat' dir='ltr'>Franz,</span> <span class='ocrx_word' id='word_1_251' title='bbox 747 4249 898 4310; x_wconf 68' lang='lat' dir='ltr'>Schelliups</span> <span class='ocrx_word' id='word_1_252' title='bbox 908 4249 1019 4308; x_wconf 82' lang='lat' dir='ltr'>positive</span> <span class='ocrx_word' id='word_1_253' title='bbox 1029 4245 1207 4309; x_wconf 74' lang='lat' dir='ltr'>philosophie,</span> <span class='ocrx_word' id='word_1_254' title='bbox 1222 4247 1241 4305; x_wconf 90' lang='lat' dir='ltr'>l,</span> <span class='ocrx_word' id='word_1_255' title='bbox 1255 4259 1280 4308; x_wconf 90' lang='lat' dir='ltr'>p.</span> <span class='ocrx_word' id='word_1_256' title='bbox 1291 4249 1331 4295; x_wconf 63' lang='lat'>⁵29.</span> 
     </span>
     <span class='ocr_line' id='line_1_33' title="bbox 186 4324 1331 4395; baseline -0.004 -17"><span class='ocrx_word' id='word_1_257' title='bbox 186 4354 215 4365; x_wconf 90' lang='lat'>-</span> <span class='ocrx_word' id='word_1_258' title='bbox 235 4329 290 4378; x_wconf 80' lang='lat' dir='ltr'>Aua</span> <span class='ocrx_word' id='word_1_259' title='bbox 310 4329 457 4395; x_wconf 76' lang='lat' dir='ltr'>Schellinps</span> <span class='ocrx_word' id='word_1_260' title='bbox 477 4331 569 4394; x_wconf 82' lang='lat' dir='ltr'>Lebeo,</span> <span class='ocrx_word' id='word_1_261' title='bbox 586 4333 618 4393; x_wconf 91' lang='lat' dir='ltr'>ll,</span> <span class='ocrx_word' id='word_1_262' title='bbox 638 4348 662 4395; x_wconf 87' lang='lat' dir='ltr'>p.</span> <span class='ocrx_word' id='word_1_263' title='bbox 684 4333 737 4380; x_wconf 81' lang='grc'><strong>156.</strong></span> <span class='ocrx_word' id='word_1_264' title='bbox 757 4357 788 4366; x_wconf 99' lang='grc'>-</span> <span class='ocrx_word' id='word_1_265' title='bbox 807 4328 963 4393; x_wconf 77' lang='lat' dir='ltr'>Etirleituop</span> <span class='ocrx_word' id='word_1_266' title='bbox 987 4329 1013 4378; x_wconf 84' lang='lat' dir='ltr'>in</span> <span class='ocrx_word' id='word_1_267' title='bbox 1033 4329 1075 4375; x_wconf 85' lang='lat' dir='ltr'>dio</span> <span class='ocrx_word' id='word_1_268' title='bbox 1100 4324 1266 4389; x_wconf 73' lang='lat' dir='ltr'>Poi&#39;osopoie</span> <span class='ocrx_word' id='word_1_269' title='bbox 1283 4327 1331 4374; x_wconf 82' lang='lat' dir='ltr'>der</span> 
     </span>
     <span class='ocr_line' id='line_1_34' title="bbox 185 4408 545 4475; baseline 0.008 -17"><span class='ocrx_word' id='word_1_270' title='bbox 185 4408 355 4473; x_wconf 70' lang='lat' dir='ltr'>Mythoiopie,</span> <span class='ocrx_word' id='word_1_271' title='bbox 372 4412 403 4471; x_wconf 93' lang='lat' dir='ltr'>ll,</span> <span class='ocrx_word' id='word_1_272' title='bbox 416 4426 434 4472; x_wconf 88' lang='lat'>1,</span> <span class='ocrx_word' id='word_1_273' title='bbox 448 4426 475 4475; x_wconf 88' lang='lat' dir='ltr'>p.</span> <span class='ocrx_word' id='word_1_274' title='bbox 491 4414 545 4461; x_wconf 87' lang='lat'>338.</span> 
     </span>
    </p>
   </div>
   <div class='ocr_carea' id='block_1_4' title="bbox 0 0 1604 5056">
    <p class='ocr_par' dir='ltr' id='par_1_8' title="bbox 0 0 1604 5056">
     <span class='ocr_line' id='line_1_35' title="bbox 0 0 1604 5056; baseline 0 3"><span class='ocrx_word' id='word_1_275' title='bbox 0 0 1604 5056; x_wconf 95' lang='lat' dir='ltr'> </span> 
     </span>
    </p>
   </div>
  </div>
 </body>
</html>
