3198 5056
296 332 311 382 6
482 331 528 384 DE
548 329 767 386 POSTERIORE
787 330 1006 386 SCHELLlNGll
1025 331 1259 386 PHILOSOPHIA

295 480 571 576 redigerentur3
609 482 659 554 ita
687 506 789 554 suam
820 481 1029 555 delineabat
1062 481 1294 571 methodum,
1323 483 1442 579 qualis

296 604 416 678 futura
442 612 549 693 esset,
578 629 660 678 cum
686 605 776 679 adeo
806 606 866 691 ille
892 606 1012 680 verbis
1034 609 1156 702 potius
1181 631 1291 701 quam
1318 608 1438 694 rebus,

293 729 386 801 nihil
398 736 567 802 exactum
584 730 761 817 reserem,
781 755 883 804 suam
901 730 1172 827 philosophiam
1189 731 1390 818 evolvebat,
1404 738 1440 803 et

286 853 456 951 jamjam,
475 878 545 950 quo
564 854 678 951 magis
697 879 779 927 eam
801 861 966 943 novaret,
984 856 1021 927 in
1043 855 1243 929 sententias
1258 880 1279 929 a
1295 855 1438 928 ratione

291 979 429 1051 alienas
445 979 641 1052 deflectere
662 981 816 1075 parabat
830 981 852 1052 ¹.

343 1101 527 1176 Praeterea
544 1105 672 1177 eodem
688 1109 855 1200 tempore
877 1110 1033 1178 externa
1052 1109 1285 1177 accesserunt
1301 1129 1434 1189 caiisae,

208 1286 209 1289 ,
290 1227 423 1324 quibus
453 1229 630 1324 impulsus
653 1235 707 1301 est
729 1229 899 1325 Hegelius
923 1230 969 1301 ad
996 1229 1237 1325 respuendam
1262 1228 1437 1300 schellin-

290 1354 436 1449 gianam
466 1354 685 1426 doctrinam.
715 1354 877 1426 Primum
901 1354 1014 1443 enim,
1037 1378 1119 1427 cum
1138 1354 1278 1443 urbem,
1306 1352 1435 1447 inqua

292 1483 443 1572 uterque
459 1475 628 1574 degebat,
648 1474 891 1573 schellingius
907 1479 1127 1574 reliquisset,
1151 1477 1320 1574 Hegelius
1337 1477 1436 1573 ejus-

288 1602 372 1689 dem
394 1603 559 1690 tutelam,
583 1607 621 1674 ut
642 1603 691 1676 ita
708 1601 841 1680 dicam,
860 1601 1045 1699 deposuit3
1065 1601 1210 1690 deinde,
1228 1602 1314 1675 dum
1340 1625 1435 1697 praa-

286 1726 465 1799 lectiones
489 1727 652 1821 suscipit,
680 1718 810 1822 quibus
841 1733 955 1800 totam
978 1728 1219 1824 philosophia
1243 1727 1433 1799 scientiam

288 1850 482 1946 complecti
506 1851 640 1941 studet,
663 1849 700 1922 id
728 1851 889 1941 molitur,
908 1876 979 1947 quo
1005 1853 1137 1925 melius
1161 1850 1329 1947 discipuli
1351 1852 1436 1922 doe-

288 1974 425 2048 trinam
441 1975 631 2071 arripiant,
651 1981 689 2048 ut
706 1976 921 2049 methodum
938 1976 1007 2048 sibi
1025 1975 1195 2059 instruat,
1219 2001 1299 2071 qnae
1321 1976 1434 2047 simul

288 2104 325 2172 et
354 2100 398 2172 ad
429 2100 639 2173 universnm
665 2105 804 2196 spectet
831 2105 866 2173 et
895 2101 1039 2196 singula
1061 2123 1213 2195 quaque
1240 2099 1430 2194 recolligat

289 2223 541 2319 subjiciatque.
578 2225 739 2296 Tandem
776 2248 860 2297 eum
885 2226 963 2321 jam
999 2249 1072 2296 non
1106 2224 1320 2319 Sobellingii
1354 2247 1433 2295 esse

287 2347 410 2443 palam
429 2348 544 2444 patuit
564 2374 607 2421 ex
625 2349 688 2421 illa
702 2349 1043 2447 Phaenomenolopiae
1063 2349 1187 2421 meotis
1202 2347 1431 2444 praelatione,

211 2510 214 2513 v
287 2496 382 2566 qnae,
411 2478 450 2546 ut
477 2472 592 2545 facete
627 2474 776 2568 qnidam
813 2472 915 2562 dixit,
950 2476 999 2546 ita
1031 2472 1180 2546 inscribi
1218 2474 1430 2567 potuisset:

290 2626 306 2662 o
334 2596 517 2694 Differam
537 2598 595 2669 des
613 2596 908 2694 Schellinp’scben
931 2598 1006 2670 ulid
1023 2598 1080 2671 dec
1095 2597 1322 2690 Hepedscbca
1343 2597 1435 2691 Syc-

288 2733 375 2793 tcncc
393 2720 454 2792 der
468 2721 695 2819 Philosophia
713 2753 729 2789 »
749 2725 771 2793 ².

338 2847 478 2943 Quippe
502 2848 539 2919 in
561 2848 631 2920 hoc
652 2848 786 2943 scripto
807 2847 879 2920 dno
896 2847 1076 2943 praecipne
1102 2845 1323 2942 Schellingio
1344 2844 1435 2941 obji-

289 2972 419 3060 ciebat,
437 2971 521 3044 licet
542 2971 645 3044 illum
666 2973 785 3068 ipsum
810 2997 884 3044 non
908 2972 1058 3045 nomine
1082 2971 1330 3067 appellaverit.
1358 2971 1436 3041 Pri-

227 3124 229 3127 *
284 3119 384 3168 mum
404 3120 447 3169 ea
470 3105 525 3170 est
542 3096 756 3194 Schellingii
773 3096 1022 3192 philosophia,
1041 3120 1120 3192 quaa
1136 3103 1296 3190 ἐσωτερική
1316 3096 1375 3181 sit,
1395 3101 1434 3167 et

286 3219 478 3294 inusitatas
493 3221 630 3316 ingenii
652 3220 756 3294 dotes
779 3222 1014 3317 al'llatumque
1032 3221 1228 3316 quemdam
1256 3221 1433 3315 requirat,

286 3371 367 3441 quae
379 3343 548 3441 denique,
563 3369 646 3418 curn
662 3345 699 3417 in
717 3345 878 3418 scientim
891 3344 1074 3440 quoddam
1091 3368 1222 3440 corpus
1239 3368 1277 3416 se
1293 3343 1434 3439 erigere

288 3475 460 3564 nequeat,
492 3475 609 3543 totam
641 3470 811 3542 omnihus
838 3493 876 3540 sc
909 3471 995 3541 dare
1029 3468 1175 3541 obviam
1201 3492 1275 3541 non
1301 3470 1432 3563 possit.

288 3594 384 3667 Sane
400 3594 547 3690 quidem
564 3595 840 3667 concedendum
857 3599 910 3666 est
927 3594 1040 3680 illam,
1060 3618 1125 3689 per
1140 3594 1212 3666 duo
1233 3595 1435 3665 sententia-

288 3743 370 3791 rum
386 3742 530 3811 genera,
559 3741 716 3813 quorum
743 3742 855 3789 unum
877 3718 922 3790 ad
938 3724 1120 3801 naturam,
1137 3719 1292 3790 alterum
1310 3723 1434 3790 antem

288 3842 333 3915 ad
352 3842 454 3915 ideas
476 3848 627 3938 spectat,
646 3843 771 3915 omnia
796 3843 832 3915 in
859 3844 1025 3916 ordinem
1051 3841 1168 3937 digeri
1189 3841 1432 3928 contendere3

285 3991 412 4040 verum
426 3969 476 4040 ita
490 3968 845 4064 nimiasimplicitate
856 3970 971 4040 utitur
987 3972 1020 4039 et
1036 3967 1214 4039 arbitratu
1225 3971 1432 4039 suocuncta

287 4068 442 4187 altingit(
457 4094 638 4165 Pictorem
651 4093 761 4182 dicas,
777 4092 834 4165 cui
847 4093 918 4165 duo
932 4091 1052 4164 solum
1065 4092 1431 4187 suppetuntcolores,

317 4297 339 4344 l.
359 4298 453 4360 Haym,
471 4296 511 4362 o'p.
528 4298 584 4358 cit,
596 4312 622 4361 p.
637 4300 746 4347 all-213.

316 4378 340 4425 2.
359 4378 454 4440 Haym,
471 4393 512 4440 op.
528 4380 565 4428 cit
579 4416 584 4439 ‚
598 4393 625 4442 p.
641 4381 696 4427 215.
