3198 5056
275 381 310 433 26
462 378 505 432 DE
525 377 747 431 Posuunlouu
767 374 988 430 SCllELLlNGll
1007 374 1245 430 PHILOSOPHIA

277 554 344 603 ens
372 506 535 602 divinum
571 527 742 624 logicam,
771 532 810 600 ut
849 528 900 599 ita
928 527 1063 614 dicam,
1091 527 1282 598 materiem
1315 551 1417 622 supe-

273 654 393 726 rare¹.

328 778 568 850 Posteriorem
591 777 706 872 igitur
720 776 821 849 illam
845 774 1058 872 Schellingii
1078 775 1351 871 philosophiam
1372 775 1423 846 ita

273 901 430 975 definire
455 900 574 997 possis
599 925 607 972 :
628 902 664 972 in
686 924 808 973 rerum
833 899 1014 996 principio
1034 901 1259 973 voluntatem
1282 903 1318 971 et
1339 923 1423 971 con-

275 1026 491 1120 tingentiam
509 1049 601 1096 esse.
631 1025 698 1109 Qui
715 1025 907 1120 profitetur
920 1025 1160 1112 voluntatem,
1179 1029 1357 1119 quatenus
1376 1025 1422 1096 ab

276 1174 318 1222 ea
339 1150 498 1222 mundus
520 1150 613 1221 alter
633 1148 772 1221 oriatur
795 1155 899 1221 extra
916 1148 1143 1221 intellectum
1164 1147 1317 1244 positus,
1337 1170 1422 1219 cau-

278 1297 355 1346 sam
377 1272 432 1346 sui
452 1297 545 1361 osse,
569 1272 677 1345 aliter
693 1279 815 1345 tamen
830 1273 986 1345 verbum
1003 1274 1266 1367 interpretatus
1282 1295 1323 1343 ac
1344 1271 1422 1367 Spi-

276 1421 378 1484 noza,
398 1422 480 1470 cum
497 1396 556 1469 hio
568 1398 612 1470 de
629 1397 772 1469 infinita
786 1397 990 1470 substantia
1004 1398 1223 1486 dissereret;
1242 1420 1326 1469 nam
1346 1401 1423 1468 tan·

275 1528 353 1596 tum
372 1524 489 1612 abest,
508 1528 546 1594 ut
567 1522 733 1594 voluntas
749 1524 958 1595 necessario
979 1523 1036 1610 sit,
1061 1528 1100 1594 ut
1116 1522 1235 1616 potius
1251 1521 1308 1607 sit,
1327 1522 1421 1616 quod

276 1647 442 1719 absolute
460 1645 650 1743 contingit,
670 1645 808 1718 scilicet
825 1645 920 1742 quod
938 1671 1012 1718 non
1024 1647 1143 1718 solum
1160 1646 1248 1718 nulli
1266 1652 1368 1719 extra
1384 1670 1421 1717 se

276 1794 394 1843 causa
415 1770 612 1844 obnoxium
630 1777 697 1860 est,
716 1772 778 1843 sed
801 1772 911 1843 etiam
927 1794 994 1866 per
1015 1795 1052 1843 se
1074 1773 1175 1843 etad
1197 1795 1302 1843 suum
1323 1770 1424 1842 arhi-

275 1896 387 1968 trium
409 1896 519 1990 agit².
543 1895 680 1966 Eadem
707 1900 828 1968 autem
851 1896 1030 1985 voluntaS,
1049 1901 1228 1990 quatenus
1244 1895 1281 1966 in
1298 1901 1422 1967 mente

276 2018 409 2114 surgit,
436 2017 654 2114 principium
681 2024 737 2091 est
761 2018 1082 2108 individuationis;
1109 2018 1203 2091 unde
1224 2019 1422 2092 necessitas

275 2143 366 2223 nihil
392 2143 492 2215 aliud
520 2149 574 2216 est
601 2166 710 2237 quam
738 2144 1068 2240 speciesquaedam
1104 2149 1215 2232 certa,
1244 2167 1351 2238 quam
1386 2144 1422 2215 in

275 2272 400 2341 nostra
419 2268 645 2340 couscientia
665 2268 805 2364 praehet
824 2269 990 2342 voluntas
1011 2268 1073 2341 illa
1094 2269 1208 2365 prior,
1228 2291 1419 2364 perquam

276 2393 322 2464 ad
338 2392 455 2487 ipsam
472 2391 736 2497 conscientiam
753 2394 997 2489 pervenimus.

328 2516 571 2612 Philosophiae
600 2523 722 2603 autem
747 2516 858 2607 illius,
886 2542 996 2614 quam
1018 2517 1157 2613 primus
1176 2517 1421 2615 Schellingius

275 2665 445 2736 expresse
461 2642 674 2730 enuntiavit,
693 2643 792 2715 haud
809 2643 922 2715 semel
939 2649 1016 2715 tum
1033 2648 1188 2731 veteres,
1205 2649 1282 2716 tum
1296 2667 1423 2715 recen-

238 2864 243 2872 ·
275 2767 388 2839 tiores
413 2766 624 2861 philosophi
649 2766 870 2840 lineamenta
890 2769 1057 2862 quadam
1083 2769 1187 2864 quasi
1208 2768 1312 2841 inscii
1338 2768 1422 2841 des-

276 2868 499 2984 cripserunt.
531 2878 619 2985 'lpse
670 2890 816 2986 quidem
859 2893 982 2991 multa,
1015 2918 1034 2965 e
1071 2893 1180 2965 variis
1218 2893 1422 2989 disciplinis

280 3021 449 3110 excerpta
464 3015 632 3117 contulit,
653 3040 734 3110 quae
752 3022 961 3090 tamennon
980 3018 1030 3090 ita
1046 3041 1127 3090 eum
1149 3019 1312 3115 ejusdem
1334 3020 1422 3092 doc-

275 3141 370 3212 trina
385 3140 623 3212 eohaercrent.
644 3139 716 3212 Sed
732 3140 776 3212 de
792 3142 1012 3236 quibusdam
1030 3142 1269 3216 nihilominus
1284 3143 1334 3217 ita
1351 3144 1423 3217 dis-

272 3264 424 3359 putavit,
454 3270 494 3337 ut
521 3288 617 3359 saepc
638 3270 762 3359 aperte
785 3271 974 3361 appareat,
998 3266 1084 3361 quid
1107 3267 1203 3340 inter
1228 3274 1420 3365 utramque

273 3388 519 3482 disciplinam,
552 3390 758 3483 negativam
793 3389 929 3462 scilicet
959 3397 995 3464 et
1021 3393 1228 3486 positivam,
1260 3394 1417 3467 intersit.

275 3511 458 3585 Cartesius
483 3535 569 3585 sane
586 3513 702 3584 Deum
723 3519 895 3608 tanquam
926 3540 990 3587 ens
1011 3516 1192 3589 inlinitum
1215 3523 1311 3590 recte
1332 3519 1422 3590 deti-

274 3636 354 3722 niit‚
368 3660 435 3708 nee
447 3641 569 3708 tamen
583 3638 679 3709 ultra
691 3660 757 3709 ens
769 3661 982 3735 progressus
995 3646 1063 3726 est,
1078 3642 1185 3736 quale
1198 3642 1420 3739 cogitatione

275 3759 579 3855 deprehenditur;
598 3760 649 3834 ita
664 3761 762 3834 illius
781 3764 968 3836 rationalis
982 3765 1183 3861 disciplinae
1196 3772 1324 3839 auctor
1340 3767 1418 3854 luit,

274 3909 355 3980 quae
372 3884 451 3980 ipsa
467 3892 592 3958 manet
608 3886 839 3981 imperiecta;
860 3890 965 3986 cujus
977 3891 1188 3987 onlologico
1204 3898 1421 3988 argumento

274 4010 363 4082 illud
381 4010 528 4081 demum
550 4009 788 4104 significatur,
811 4012 949 4085 seilicet
966 4013 1197 4087 existentiam
1215 4015 1278 4088 Dei
1300 4041 1422 4090 neees-

302 4306 324 4352 t.
342 4303 418 4363 leid„
454 4341 460 4353 .
476 4305 514 4352 93.

300 4393 323 4441 2.
340 4318 495 4452 ntntetlhnp
508 4392 536 4441 in
549 4392 591 4440 die
605 4390 773 4455 Philosophia
787 4395 836 4442 der
849 4394 1022 4458 Mytholopie,
1040 4397 1071 4457 ll,
1086 4411 1105 4459 1,
1120 4412 1147 4462 p,
1163 4399 1217 4447 464.
