3198 5056
590 377 705 431 CAPUT
724 377 891 441 QUth'Ulll
1296 377 1327 428 41

183 528 289 601 lecta.
321 529 410 602 Vide
435 527 545 600 eliam
571 528 757 623 quomodo
781 528 955 624 Hegelius
970 528 1021 617 id,
1039 529 1135 623 quod
1165 559 1181 594 α
1207 528 1287 600 sieri
1310 558 1326 594 »

182 653 398 747 appellatur,
414 653 642 741 tractaverit;
658 654 702 724 de
714 653 785 725 hoc
796 653 891 724 male
904 651 1007 724 finita
1019 674 1165 746 semper
1178 652 1327 747 profert,

182 782 317 849 etcum
334 777 406 863 his,
430 800 511 871 quae
533 778 655 871 reipsa
681 777 785 865 liunt,
803 800 934 871 parum
964 776 1216 871 congruentia.
1250 777 1328 848 Non

182 899 281 970 enim
302 904 427 996 aperte
444 899 646 996 dispicitur,
665 902 851 997 quomodo
872 901 1019 996 priores
1041 906 1238 994 conceptus
1259 902 1330 971 huc

184 1024 384 1114 evaserint3
414 1024 449 1097 id
475 1031 615 1098 lantum
640 1024 837 1098 artificiose
859 1024 990 1097 evenit.
1020 1024 1116 1097 ldem
1137 1032 1174 1097 et
1198 1024 1330 1121 saepius

185 1148 222 1220 in
252 1148 442 1245 hegeliana
478 1149 711 1245 philosophia
750 1150 1018 1245 deprehendas,
1061 1173 1142 1243 qua
1187 1153 1329 1221 tantum

186 1273 286 1345 inani
311 1276 420 1347 modo
443 1274 479 1345 in
500 1275 663 1347 medium
684 1299 727 1348 ea
748 1275 914 1371 prolerre
938 1275 1096 1361 studeat,
1115 1298 1195 1369 quae
1210 1298 1274 1369 per
1293 1297 1330 1344 se

185 1398 370 1493 ipsaslare
382 1400 593 1493 nequeant¹.
608 1400 853 1494 llegelianum
866 1404 1085 1494 conceptum
1098 1396 1198 1469 dicas
1209 1397 1331 1470 indico

185 1519 249 1595 illo
277 1522 350 1595 Deo
373 1523 615 1611 simillimum,
635 1524 695 1618 qui
714 1525 751 1595 iu
767 1524 885 1596 varias
908 1523 1041 1596 lormas
1062 1527 1236 1619 perpetuo
1263 1522 1331 1592 mi-

187 1649 296 1740 gret².

236 1769 382 1844 Scilicet
402 1777 478 1845 tota
500 1772 695 1868 hegeliaua
717 1773 838 1870 logica
861 1775 905 1845 ad
931 1774 1000 1845 hoc
1021 1796 1133 1845 unum
1156 1773 1329 1867 pertinet,

187 1900 227 1967 ul
253 1897 492 1988 demonstret,
511 1897 820 1992 quemadmodum
838 1903 1038 1993 conceptus
1060 1898 1229 1992 opposita
1250 1896 1331 1967 sine

188 2021 459 2094 intermissione
482 2029 644 2118 superet,
669 2023 780 2096 itaut
801 2022 978 2118 paulatim
999 2045 1036 2094 se
1056 2021 1134 2119 ipse
1158 2023 1273 2117 magis
1289 2044 1331 2091 ac

188 2144 309 2240 magis
325 2147 558 2221 determinet.
574 2147 663 2221 Cum
680 2146 725 2220 ad
737 2149 890 2242 gradum
908 2143 1135 2241 superiorem
1152 2145 1329 2241 pervenit,

191 2268 312 2342 videre
337 2276 391 2343 est
407 2295 462 2358 ea,
480 2297 561 2367 quae
581 2271 677 2344 inlra
700 2276 818 2360 erant,
848 2271 932 2343 hine
954 2270 1080 2356 deleri,
1104 2268 1204 2341 illinc
1229 2267 1332 2364 quusi

190 2395 442 2483 transmutari,
479 2396 530 2468 ita
565 2401 602 2469 ut
634 2403 861 2492 postremum
900 2400 1099 2490 conceptus
1139 2394 1255 2465 laetus
1285 2395 1332 2464 sit

190 2520 274 2591 ldea
304 2544 382 2593 sese
407 2521 527 2617 ipsam
553 2522 722 2616 amplexa
747 2527 782 2594 el
808 2520 958 2593 omniuo
985 2521 1039 2591 sui
1068 2519 1227 2606 conscia,
1252 2541 1331 2612 quae

189 2649 308 2717 totum
330 2644 565 2747 dialecticum
590 2644 752 2717 laborem
776 2646 810 2743 in
841 2669 878 2716 se
904 2644 1129 2740 collegerim
1153 2642 1224 2715 Sed
1247 2666 1331 2714 cum

189 2768 250 2841 illa
276 2775 517 2865 conceptuum
547 2771 726 2843 connexio
749 2774 851 2841 extra
870 2774 1016 2863 tempus
1039 2774 1073 2839 el
1094 2768 1162 2839 sub
1184 2767 1331 2840 aeterni-

187 2894 272 2968 tatis
296 2893 417 2991 specie
439 2894 636 2981 exstiterit,
661 2895 929 2989 explanandum
950 2893 1034 2965 inde
1061 2899 1129 2982 est,
1147 2892 1332 2988 quomodo

187 3020 235 3091 ad
260 3042 318 3092 res
341 3024 561 3092 transeatur.
597 3019 648 3090 lbi
677 3022 801 3090 autem
833 3017 1063 3112 potissimum
1104 3022 1270 3111 apparet,
1303 3017 1330 3085 si

189 3144 274 3238 quid
295 3167 456 3237 unquam
477 3144 573 3239 apud
591 3136 780 3238 Hegelium
809 3141 983 3213 liclieium
1013 3142 1097 3227 luit;
1121 3140 1255 3236 quippe
1284 3140 1332 3211 ihi

188 3269 420 3342 interciditur
444 3267 623 3341 dialectici
654 3271 776 3339 motus
804 3274 921 3338 tenor.
955 3264 1038 3338 ldea
1071 3264 1182 3351 enim,
1210 3289 1274 3338 cur
1299 3264 1334 3336 id

190 3394 252 3466 ttat
290 3393 424 3481 nescia,
455 3393 624 3465 videlicet
656 3391 817 3487 logicum
852 3389 1032 3474 habitum,
1069 3395 1196 3485 utpote
1225 3389 1334 3460 nimis

187 3519 374 3605 eumdem,
394 3541 536 3613 perosa,
560 3541 580 3588 a
597 3541 634 3588 se
651 3515 849 3590 divellitur.
873 3515 923 3587 ita
940 3521 978 3586 ut
993 3523 1168 3610 appareat
1181 3514 1330 3586 Natura.

189 3642 297 3715 Nulla
318 3647 442 3715 autem
462 3647 515 3713 est
533 3640 777 3737 philosophia,
793 3665 839 3712 ne
858 3640 1055 3735 hegeliana
1075 3639 1221 3734 quidem
1238 3638 1330 3733 ipsa,

186 3791 269 3862 quae
300 3767 336 3837 in
366 3790 404 3838 se
435 3767 582 3854 habeat,
605 3764 702 3837 unde
733 3766 801 3837 hoc
825 3771 899 3836 tam
930 3763 1166 3857 singulariter
1198 3762 1333 3834 lactum

187 3892 378 3987 expediat3
402 3914 533 3986 nempe
557 3890 591 3961 id
617 3894 786 3984 repetens
808 3887 991 3984 Hegelius
1013 3888 1109 3982 quod
1133 3911 1229 3983 seepe
1254 3887 1334 3958 aliis

189 4014 277 4089 vilio
307 4015 431 4098 vertit,
463 4038 594 4088 vanam
626 4015 819 4086 verborum
855 4012 1135 4085 translationem
1166 4017 1331 4106 usurpat.

221 4268 243 4315 l.
261 4264 340 4326 laid„
355 4279 380 4327 p.
398 4265 451 4313 135.

182 4370 186 4374 *
218 4348 244 4394 2.
263 4345 339 4407 thid,
357 4359 382 4407 p.
397 4347 450 4392 rit.

220 4428 244 4474 3.
262 4425 340 4485 rota,
354 4439 380 4489 p.
396 4425 506 4472 lau-tar.
