3198 5056
255 378 288 432 52
440 378 486 430 DE
512 373 730 429 POSTElllORE
759 371 978 427 SCHELLlNGll
1000 371 1237 427 PHILOSOPHlA

257 534 418 602 mentem
441 526 622 621 appellas,
642 549 717 598 non
733 524 894 597 declarat
907 522 1003 595 idem
1019 525 1185 612 verbum,
1205 523 1303 617 quod
1323 547 1410 595 usus

257 661 292 727 et
311 652 423 748 pictas
444 651 647 746 requirunt.
668 651 709 720 ln
725 650 824 721 hunc
837 672 1000 720 errorem
1022 649 1127 720 multi
1145 646 1285 743 delapsi
1302 655 1400 735 sunl,

258 784 341 850 ante
373 798 500 848 omnes
527 773 712 869 HegeliuS,
740 773 814 869 qui,
838 798 920 845 cum
952 772 1068 846 Deum
1097 777 1257 845 mentem
1288 780 1403 861 vocat,

256 899 513 974 tantummodo
539 899 721 995 significet
740 899 832 971 alios
849 877 1047 993 conceptus
1072 896 1149 993 jam
1175 920 1247 970 non
1267 897 1402 985 valere,

258 1028 373 1099 Deum
398 1016 580 1121 praeterea
604 1022 750 1096 nonnisi
771 1021 992 1095 concludens
1016 1021 1191 1109 affirmet,
1217 1027 1406 1116 tamquam

258 1151 505 1224 absolventem
531 1153 778 1242 conceptuum
808 1148 953 1235 seriem,
981 1171 1056 1219 non
1074 1154 1263 1240 tamquam
1280 1168 1403 1218 verum

259 1274 514 1372 principiuml.
589 1358 593 1369 Ι

279 1469 282 1474 .
309 1403 390 1474 Non
408 1398 505 1470 enim
519 1398 598 1468 sine
615 1419 725 1468 eausa
736 1395 927 1468 contendit
939 1393 1122 1491 HegeliuS,
1139 1393 1279 1467 ratione
1292 1394 1408 1466 Deum

258 1549 333 1597 non
368 1528 452 1596 ante
485 1519 619 1609 omnia,
655 1519 718 1591 sed
757 1525 841 1614 post
875 1521 1000 1591 omnia
1034 1521 1261 1616 ponendum,
1290 1543 1407 1614 neque

257 1647 458 1744 quidquam
483 1646 519 1717 in
542 1669 584 1718 eo
616 1644 835 1741 reprehendi
862 1643 1054 1740 potuisset,
1084 1643 1114 1715 si
1142 1643 1329 1717 docuisset
1362 1644 1407 1715 de

260 1774 348 1863 Deo,
367 1777 494 1867 utpote
517 1774 659 1842 tantum
684 1768 779 1857 idea,
803 1768 874 1864 agi.
900 1767 1072 1841 Sensitne
1092 1772 1218 1863 pastea
1239 1792 1277 1840 se
1299 1791 1407 1863 nega-

261 1898 334 1971 tiva
357 1897 476 1968 solum
503 1898 711 1966 assecutum
737 1893 843 1965 esse?
863 1894 940 1965 Hoc
966 1893 1108 1980 credas,
1136 1891 1165 1963 si
1187 1894 1408 1966 mutationes

259 2020 437 2116 quasdam
473 2016 661 2112 respicias,
693 2041 773 2111 quae
799 2017 1005 2089 doctrinam
1027 2016 1236 2106 subierunt;
1256 2015 1409 2089 tentavit

260 2145 357 2217 enim
379 2142 534 2215 liberam
553 2141 617 2212 Dei
639 2141 862 2214 creationem
885 2140 1107 2236 cogitatione
1127 2141 1314 2236 amplecti.
1334 2140 1409 2213 Sci-

259 2270 344 2342 licet
369 2266 532 2340 declarat
556 2267 763 2339 absolutam
795 2271 971 2354 mentem,
1003 2271 1183 2360 quatenus
1213 2264 1282 2354 sui,
1314 2270 1409 2337 tam-

260 2417 369 2488 qnam
396 2390 539 2465 'summi
571 2390 660 2480 veri,
696 2390 844 2463 conscia
875 2395 944 2478 est,
976 2414 1054 2462 sese
1081 2413 1280 2485 agnoscere
1300 2413 1410 2486 posse

260 2524 448 2612 tamqnam
466 2520 650 2588 creantem
668 2537 676 2586 :
695 2514 779 2586 inde
795 2513 927 2588 ultima
943 2512 1071 2609 primis
1088 2515 1265 2609 praeponi,
1282 2513 1409 2587 termi-
1452 2572 1464 2591 .

260 2664 349 2713 num
368 2640 478 2736 igitur
493 2637 540 2712 ad
551 2662 660 2734 quem
678 2638 760 2710 fieri
777 2639 976 2712 terminum
993 2662 1014 2710 a
1030 2661 1115 2733 quo.
1131 2638 1168 2711 Si
1184 2662 1306 2712 rerum
1318 2639 1409 2711 ordo

262 2765 312 2837 ita
346 2763 478 2837 inverti
508 2764 700 2858 potuisset,
735 2767 772 2834 et
797 2761 1026 2857 si'Hegelius
1056 2762 1135 2835 haee
1160 2786 1234 2835 nou
1262 2762 1410 2835 inchoa-

263 2888 375 2961 visset
396 2892 553 2975 tantum,
576 2888 638 2959 sed
654 2885 801 2983 penitus
826 2891 1009 2959 scrutatus
1033 2893 1141 2975 esset,
1164 2910 1297 2959 novam
1322 2887 1408 2959 alte-

263 3037 343 3085 ram
370 3011 603 3107 disciplinam
624 3000 857 3098 instituisset,
879 3010 1123 3107 philosophiae
1139 3011 1411 3107 schellingianae

264 3136 428 3232 positivae
446 3137 545 3208 haud
562 3134 789 3207 dissimilem.
810 3135 882 3209 Sed
901 3136 992 3209 adeo
1014 3160 1087 3208 non
1108 3136 1284 3229 Hegelius
1303 3137 1355 3208 ita
1374 3159 1411 3207 se

264 3262 390 3356 gessit,
414 3265 454 3333 ut
478 3265 608 3333 contra
635 3259 722 3332 satis
745 3283 824 3332 esse
850 3259 1046 3333 crediderit
1068 3260 1200 3333 scriem
1227 3259 1413 3333 condicio·

266 3407 368 3473 num,
380 3407 461 3478 quae
474 3383 584 3456 simul
596 3407 744 3456 conexa
756 3389 892 3472 essent,
907 3384 1165 3457 tantummodo
1176 3383 1320 3456 inverti.
1333 3385 1413 3457 Non

267 3506 364 3579 enim
384 3507 560 3580 intellexit
575 3508 782 3602 negativam
799 3507 1069 3603 philosophiam
1082 3514 1118 3581 et
1133 3508 1326 3604 positivam
1338 3532 1413 3580 non

268 3614 348 3703 esse
364 3630 454 3703 duas
469 3654 529 3702 res
544 3654 624 3725 quae
641 3631 813 3704 adversus
828 3632 1033 3728 objaceant,
1047 3630 1265 3728 principium
1279 3655 1416 3723 ver0,a

269 3779 340 3851 quo
387 3754 503 3827 oritur
537 3755 693 3851 positiva
724 3756 971 3851 philosophia,
1008 3757 1190 3830 actionem
1216 3758 1414 3852 quamdam

269 3879 492 3969 desiderare,
516 3903 626 3974 quam
653 3879 820 3975 negativa
844 3904 918 3953 non
947 3882 1252 3978 comprehendat.
1272 3883 1326 3954 Ad
1347 3882 1417 3954 hoc

268 4003 321 4076 ita
338 4004 472 4104 mirum
488 4003 710 4098 pervenires,
726 4004 755 4077 si
772 4005 817 4076 de
833 4004 890 4077 his
904 4005 1134 4101 hegelianam
1149 4006 1351 4080 doctrinam
1370 4007 1415 4078 ad

271 4127 431 4200 litteram
451 4127 657 4224 acciperes3
684 4127 746 4201 uhi
762 4127 873 4219 enim,
892 4128 953 4224 qui
970 4131 1120 4204 ultimus
1138 4130 1222 4203 finis
1238 4136 1329 4219 erat,
1349 4153 1417 4227 pro

304 4412 326 4461 l.
347 4411 400 4460 Zur
416 4411 570 4462 Gesclrichte
583 4412 630 4462 der
642 4427 757 4464 neueren
770 4413 947 4479 Philosophia,
963 4415 983 4476 I,
998 4430 1025 4477 x,
1040 4429 1066 4479 p.
1081 4416 1196 4465 lul-lta.
