3198 5056
290 352 326 406 44
468 355 514 409 DE
536 355 755 411 POSTERlORE
780 356 1002 413 SCHELLINGII
1025 354 1261 411 PHILOSOPHIA

291 505 481 594 cebantur,
515 507 658 580 nullum
684 510 764 606 jam
793 509 950 606 amplius
995 530 1183 604 superesse
1216 528 1322 601 posse
1352 527 1442 577 con-

289 633 450 725 ceptum.
476 630 573 704 Fieri
598 640 721 705 tamen
743 640 876 729 potest,
895 639 936 707 ut
959 637 1160 728 conceptus
1182 630 1245 703 alii
1266 631 1439 711 existant,

291 752 353 847 qui
377 749 533 828 inauditi
562 757 682 831 adbuc
712 781 838 830 omnes
869 759 1049 854 sugerunt,
1076 757 1133 830 vel
1153 755 1204 828 ita
1223 752 1392 850 dispositi
1417 776 1438 823 a

293 900 359 950 sua
385 878 653 974 significatione
686 882 991 978 detorqueantur,
1019 905 1090 976 quo
1120 879 1236 976 magis
1263 878 1440 951 doctrinae

294 1004 530 1094 conveniant;
562 1007 658 1100 quod
687 1006 738 1078 ibi
769 1006 1001 1104 potissimum
1031 1005 1269 1101 conceptibus
1292 1001 1437 1088 accidit,

296 1127 357 1221 qui
374 1128 419 1200 ad
436 1129 564 1202 Etbica
579 1131 636 1203 vel
658 1131 898 1227 llelligionem
917 1131 1113 1226 spectant¹.

345 1251 391 1324 At
411 1255 507 1325 enim
527 1252 648 1349 aliquo
670 1256 830 1350 quodam
852 1255 962 1328 modo
979 1259 1180 1350 conceptus
1200 1252 1297 1348 apud
1320 1252 1437 1344 Hege-

294 1377 399 1465 lium,
430 1377 531 1451 nullo
571 1403 656 1452 vero
694 1381 804 1475 modo
838 1380 935 1476 apud
969 1377 1233 1474 Schellingium
1267 1376 1440 1449 determi-

297 1506 443 1574 nantur.
495 1502 588 1589 Quid
630 1504 708 1576 ais‘l
750 1506 827 1578 Hos
863 1506 940 1601 jam
982 1503 1127 1600 penitus
1170 1500 1439 1574 determinatos

295 1626 473 1715 habebas,
499 1629 561 1699 sed
588 1652 671 1702 cum
700 1629 857 1702 maxime
888 1630 1094 1726 oportebat.
1130 1627 1225 1700 Sane
1256 1624 1437 1697 Schelliu·

296 1750 377 1845 gius
390 1751 531 1846 priores
549 1759 678 1827 natura
694 1760 908 1849 conceptus,
923 1753 1234 1849 quemadmodum
1253 1749 1436 1844 Hegelius,

296 1897 370 1947 non
393 1876 598 1966 ellinxeral,
622 1902 740 1974 neque
768 1880 954 1952 vocabulis
982 1909 998 1945 «
1027 1901 1105 1950 esse
1133 1908 1149 1942 »
1183 1880 1247 1948 aut
1264 1906 1280 1940 «
1311 1873 1388 1945 fieri
1418 1904 1433 1938 u

300 2022 387 2071 usus
404 2007 493 2089 erat,
517 2000 573 2090 iis,
597 2008 779 2097 quaesunt
797 2010 859 2077 aut
880 2003 985 2092 liunt,
1008 2000 1202 2096 neglectis3
1226 2006 1439 2094 conceptus

298 2130 479 2218 quatenus
505 2126 614 2198 rebus
641 2129 881 2222 applicantur,
908 2132 1094 2221 tamquam
1117 2131 1257 2197 naturae
1289 2123 1438 2208 formas,

298 2255 478 2342 quatenus
503 2256 627 2322 autem
652 2253 833 2324 rationem
860 2255 1098 2347 componunt,
1118 2256 1321 2343 tamquam,
1340 2270 1444 2318 cons·

298 2370 426 2445 cientre
456 2373 649 2461 elementa,
681 2377 957 2471 explanaverat3
994 2398 1068 2447 non
1098 2374 1204 2446 aliter
1233 2371 1331 2444 enim
1365 2373 1441 2442 sine

298 2498 398 2569 inani
414 2504 493 2571 arte
511 2499 644 2573 licebat
660 2524 725 2572 eos
743 2498 1001 2596 perpendere².

346 2623 534 2710 Ceterum,
563 2630 601 2696 ut
627 2625 820 2696 consilium
848 2647 956 2697 suum
987 2622 1160 2717 Hegelius
1188 2620 1439 2700 confirmaret,

298 2747 562 2841 Schellingium
574 2749 778 2836 contendit,
793 2747 962 2820 rationali
974 2746 1106 2819 intuitu
1118 2747 1264 2833 lretum,
1278 2744 1442 2840 posuisse

298 2871 536 2957 Absolutum,
559 2870 713 2965 ideoque
735 2873 807 2942 vim
827 2873 957 2942 mentis
978 2870 1159 2942 creavisse
1189 2875 1381 2956 secretam,
1407 2874 1443 2939 et

298 3020 379 3090 quae
395 3019 463 3068 nos
484 2995 645 3083 effugiat,
669 2996 825 3090 denique
842 2996 920 3068 haec
941 3000 977 3067 et
996 2995 1086 3067 talia
1104 2994 1260 3090 hujusce
1276 2993 1374 3065 modi
1397 2990 1442 3063 ad

302 3121 483 3217 privatum
504 3120 695 3193 hominem
717 3121 912 3214 quemdam
934 3124 1089 3207 tantum,
1113 3120 1226 3190 immo
1248 3118 1443 3213 mysticum

302 3245 498 3340 pertinere.
531 3245 593 3316 llis
622 3244 769 3340 quidem
798 3245 952 3340 objectis
976 3242 1173 3338 respondet
1201 3239 1443 3335 Schelliugius

301 3371 446 3454 nonita
466 3369 644 3463 expedite,
672 3392 789 3462 neque
810 3370 856 3441 ad
879 3368 1036 3463 priorem
1065 3368 1268 3439 doctrinam
1288 3365 1443 3461 diligen-

302 3491 441 3564 tissime
461 3517 499 3564 se
512 3493 686 3564 reterens
707 3493 826 3587 Negat
841 3492 937 3563 enim
950 3491 1310 3580 sebocvocabulum,
1326 3489 1440 3562 ratio·

300 3616 421 3688 nalem
448 3616 588 3689 scilicet
610 3615 795 3702 intuitum,
819 3617 856 3686 in
879 3639 923 3688 eo
943 3616 1080 3710 scripto
1096 3614 1324 3701 adhibuisse,
1342 3614 1439 3708 quod

298 3746 411 3812 lotam
429 3748 463 3814 et
485 3764 625 3813 meram
646 3740 919 3836 philosophiam
943 3762 1047 3812 suam
1070 3745 1178 3812 autea
1197 3737 1438 3812 enuclearel³.

301 3864 404 3951 Quod
442 3865 589 3960 quidem
627 3866 847 3938 vocabulum
889 3866 925 3936 in
968 3864 1039 3937 alio
1083 3865 1243 3958 quodam
1287 3861 1444 3956 scriptol

331 4167 352 4210 l.
371 4162 424 4209 Zur
440 4157 593 4209 deschichte
608 4160 656 4208 cler
668 4173 782 4208 rceueren
796 4157 975 4223 Philosophia,
991 4159 1012 4219 l,
1029 4172 1054 4219 x,
1067 4172 1094 4222 p.
1111 4159 1224 4207 137-139.

332 4243 355 4290 2.
373 4241 452 4302 leid,
466 4255 492 4305 p.
509 4242 621 4289 los-tlt.

334 4323 357 4369 3.
374 4320 550 4384 Dorstellunp
563 4321 660 4369 melnes
675 4319 791 4383 Spstema
804 4321 852 4367 cler
865 4317 1042 4383 Philosophie,
1055 4321 1075 4380 l,
1088 4334 1123 4381 rr,
1141 4334 1168 4383 p.
1186 4320 1228 4367 tol
1243 4334 1283 4381 su.

334 4405 357 4451 t.
378 4401 458 4452 ceter
475 4402 526 4451 den
541 4400 647 4451 weluen
662 4400 768 4465 Beprlff
778 4401 827 4450 cler
840 4399 1100 4464 h'uturphitoaophie,
1119 4400 1138 4459 1,
1156 4414 1192 4460 1v,
1208 4414 1234 4462 p.
1251 4402 1279 4448 Ἡ
1293 4412 1335 4460 sq.
