3198 5056
245 410 279 462 58
423 411 465 463 ue
490 410 708 465 POSTERIORE
733 409 951 466 SCHELLINGII
978 411 1217 466 PHILOSOPHIA

246 562 451 656 praesertim
468 562 505 633 in
522 585 564 634 eo
582 540 827 658 Scheltingius
843 565 888 634 ab
903 562 1053 658 Hegelio
1077 562 1274 657 discrepat,
1293 562 1390 656 qued
1464 610 1469 619 ·

246 709 320 757 non
343 686 500 758 civitatis
521 691 706 774 naturam,
734 694 907 782 tanquam
928 688 1092 759 veritatis
1113 687 1289 759 absolutae
1312 710 1392 782 spe-

246 808 342 882 ciem
359 809 464 905 quasi
480 811 692 905 perfectam,
711 811 881 907 accipiat.

297 933 364 1007 1113
398 940 483 1007 3331
512 935 625 1030 igitur
650 937 838 1032 praecipua
861 935 1066 1031 hegelianae
1091 934 1388 1023 doctrinaexitia3
1421 947 1422 950 ’

245 1083 325 1152 quae
355 1061 524 1134 abstruso
544 1059 689 1156 Hegelii
712 1061 860 1156 ingenio
890 1060 1112 1149 efficiuntur,
1143 1061 1218 1156 331,
1246 1083 1391 1155 semper

247 1207 382 1279 pronus
417 1185 463 1273 ad
507 1209 566 1257 res
601 1206 666 1281 per
697 1188 856 1258 maxime
890 1187 1076 1258 abstracta
1114 1184 1387 1281 excogitandas,

81 1282 85 1293 Ι
151 1350 153 1353 -
250 1314 353 1403 33131
374 1307 507 1381 deinde
524 1310 670 1381 easdem
693 1315 869 1405 tanquam
887 1310 979 1382 inse
999 1316 1164 1405 arreptas
1185 1333 1279 1382 esse.
1304 1309 1390 1381 Inde

249 1431 469 1519 doctrinam,
508 1436 712 1507 secundum
754 1458 863 1530 quam
910 1435 1084 1530 cogitatio
1122 1441 1158 1506 et
1198 1411 1391 1506 existentia

249 1581 362 1629 unum
388 1563 424 1630 et
452 1557 551 1640 idem
579 1563 675 1650 sunt,
708 1559 930 1631 deteriorem
959 1559 1144 1655 prestitit.
1170 1558 1256 1631 Inde
1281 1558 1391 1631 etiam

246 1705 320 1753 neu
351 1683 621 1771 animadvertit,
645 1684 722 1756 sola
753 1684 908 1756 ratione.
940 1683 1118 1779 quidquid
1149 1682 1328 1779 contingit
1356 1688 1392 1755 et

131 1838 135 1841 ·
246 1806 368 1902 reipsa
391 1812 458 1897 331,
486 1807 636 1881 minime
661 1810 826 1905 attingi¹,
860 1813 1019 1881 mentem
1046 1832 1220 1882 veronen
1241 1831 1391 1881 munere

245 1955 283 2001 se
310 1930 496 2019 abdicare,
526 1935 699 2028 quoniam
726 1957 800 2006 non
831 1933 956 2006 omnia
986 1934 1118 2007 rationi
1151 1931 1333 2029 subjiciat.
1352 1931 1388 2004 Si

248 2056 358 2143 enim,
391 2032 471 2151 qum
512 2056 560 2129 sit
588 2059 815 2153 experientia
836 2058 964 2131 stricto
990 2083 1112 2147 sensu,
1145 2057 1387 2153 concepisset,

247 2178 398 2252 vidisset
422 2204 502 2253 eam
524 2205 598 2253 non
629 2205 710 2254 esse
739 2182 922 2278 cogitandi
944 2184 1095 2255 modum
1123 2180 1335 2254 interiorem
1356 2186 1392 2254 31

251 2305 401 2377 omnino
431 2304 625 2395 humilem,
654 2308 717 2378 sed
747 2331 828 2381 curn
859 2306 981 2402 atiquo
1014 2307 1172 2379 maxime
1199 2330 1284 2378 vero
1312 2312 1390 2378 arte

249 2429 421 2526 conjungi
442 2453 550 2524 posse
572 2435 607 2502 et
632 2432 777 2521 debere,
801 2432 898 2526 quod
919 2431 1037 2504 libera
1057 2431 1153 2504 actio
1178 2432 1236 2502 sit.
1261 2431 1390 2502 Nonne

253 2577 373 2642 mens,
396 2553 513 2648 333113
534 2561 587 2627 331
612 2559 752 2645 333133,
771 2579 813 2628 33
836 2564 903 2646 331,
922 2581 1001 2652 quae
1017 2562 1121 2630 actus
1137 2580 1221 2629 suos
1243 2556 1388 2641 habeat,

250 2701 325 2749 non
349 2685 528 2774 tanquam
550 2681 585 2752 in
610 2683 743 2777 sejam
773 2683 1028 2777 praet'ermates
1056 2687 1093 2754 et
1115 2680 1299 2770 definitos,
1327 2680 1390 2753 sed

247 2801 368 2897 potius
396 2804 538 2876 vinculo
573 2804 724 2894 solutos,
758 2811 793 2878 31
824 2807 928 2900 33331
963 2813 1093 2902 333313
1126 2807 1389 2902 exsurgentes?

248 2927 335 2997 lnde
357 2925 396 2998 tit
418 2933 458 3000 ut
484 2928 574 3001 tales
606 2935 708 3002 33133
729 2930 870 3002 3333131
892 2956 915 3003 3
933 2933 1123 3028 posteriori
1153 2931 1390 3005 determinari

248 3057 395 3145 333331,
432 3076 550 3147 33333
581 3054 799 3150 cogitatione
835 3080 926 3151 pura
956 3081 994 3129 se
1024 3057 1139 3129 teneri
1163 3055 1385 3151 ‘patiantur².

252 3175 370 3261 Quare
393 3176 666 3274 Schellingiana
681 3179 925 3275 philosophia,
945 3166 1153 3277 quanquam
1179 3181 1389 3254 rationalis-

250 3323 350 3372 mum
386 3325 458 3374 non
482 3303 632 3375 omnino
659 3305 900 3401 impugnavit,
934 3306 998 3378 sed
1028 3311 1167 3378 tantum
1197 3305 1233 3378 in
1267 3307 1387 3379 locum

248 3448 355 3496 suum
372 3425 523 3522 redegit,
543 3429 734 3522 gloriatur,
753 3431 849 3523 quod
867 3430 1041 3502 adversus
1057 3432 1286 3526 hegelianam
1299 3431 1387 3504 doe-

246 3546 394 3636 trinam,
421 3549 506 3621 hine
530 3551 637 3640 13313,
664 3552 765 3625 111133
789 3553 996 3626 libertatem
1018 3556 1329 3629 commendaverit
1350 3562 1387 3628 31

246 3672 495 3748 illustraverit.

274 3924 296 3971 1.
316 3922 499 3986 abhandlung
512 3924 576 3974 dher
592 3927 635 3974 die
651 3925 741 3985 duecte
755 3927 802 3976 der
814 3928 911 3991 ewipen
932 3928 1093 3991 Wardeiten,
1111 3932 1143 3990 ll,
1155 3947 1172 3993 1,
1187 3947 1213 3996 p.
1230 3934 1283 3981 584.

275 4006 297 4050 2.
315 4002 469 4075 111313ἱί333
487 4004 514 4052 in
526 4005 568 4053 die
585 4004 752 4071 Philosophia
769 4008 817 4056 der
832 4007 1025 4072 Offerebarung,
1043 4010 1075 4071 11,
1092 4024 1130 4071 111,
1146 4026 1173 4075 p.
1187 4013 1301 4061 113-114.
