3198 5056
586 369 702 424 CAPUT
726 368 886 434 QUINTUM
936 431 937 434 Ἴ
1276 375 1306 427 hi

162 520 345 611 notitiam,
366 522 567 595 seeundum
592 521 823 617 hegelianam
843 521 1062 610 doctrinam,
1087 521 1222 594 hahere
1247 522 1309 595 de·
1345 503 1347 507 ⁵

162 647 304 720 bemus.
336 647 426 719 Nam
457 646 648 743 Hegelium
677 647 772 718 male
803 646 1005 742 impugnet,
1034 644 1062 717 si
1092 646 1173 741 quis
1202 645 1306 720 illum

162 771 258 844 dicat
279 771 406 859 Deum,
431 776 557 867 utpote
570 775 807 866 conceptum,
831 768 1090 844 tantummodo
1105 770 1307 866 accepisse;

163 900 361 990 conceptus
383 894 497 983 enim,
531 899 712 991 quatenus
735 919 841 969 verus
864 901 932 984 est,
955 894 992 967 in
1013 919 1050 966 se
1070 895 1194 986 hahet,
1213 896 1310 968 unde

165 1021 296 1093 creet¹.
1011 1002 1014 1008 ’

213 1144 385 1242 Hegelius
410 1149 534 1218 autem
559 1146 652 1217 adeo
669 1144 738 1217 sibi
759 1145 892 1239 placet,
920 1151 959 1219 ut
980 1145 1150 1242 principii
1171 1146 1314 1241 petitio-

165 1294 249 1343 nem
261 1268 397 1343 inscius
412 1269 638 1347 committat:
658 1292 790 1365 nempe
808 1270 914 1365 lingit
926 1295 1055 1344 verum
1067 1277 1128 1345 aut
1141 1272 1312 1362 inrehus,

166 1419 246 1492 quae
275 1395 343 1467 suh
365 1418 513 1468 sensum
537 1392 684 1497 cadunt,
717 1393 839 1466 autin
868 1399 1046 1491 conceptu
1075 1395 1211 1468 inesse.
1243 1396 1313 1476 Sed

167 1543 240 1592 non
256 1518 518 1592 animadvertit
533 1517 726 1614 conceptui
738 1518 847 1613 plane
861 1518 997 1614 opponi
1012 1518 1063 1610 id,
1082 1519 1180 1615 quod
1196 1520 1315 1615 reipsa

167 1648 233 1732 est,
247 1643 321 1716 sive
337 1644 407 1716 hoc
423 1643 491 1716 suh
503 1665 650 1715 sensum
664 1640 775 1729 cadit,
791 1641 863 1714 sive
880 1666 991 1738 supra
1001 1667 1147 1717 sensum
1162 1644 1315 1716 eminet.

166 1768 262 1840 Deus
278 1766 392 1853 enim,
424 1789 647 1862 quamquam
675 1789 748 1838 non
764 1767 830 1839 suh
854 1790 999 1840 sensum
1024 1766 1133 1856 cadit,
1153 1768 1247 1840 alius
1262 1772 1315 1840 est

168 1898 279 1986 alque
310 1891 548 1986 conceptus²3
577 1891 707 1978 immo,
735 1890 764 1962 si
790 1914 873 1963 eum
896 1891 987 1963 velis
1017 1915 1097 1964 esse
1127 1891 1205 1964 Ens
1227 1880 1315 1963 nulli

172 2015 379 2089 condicioni
402 2012 602 2103 addictum,
625 2015 723 2086 hunc
750 2019 893 2110 oportet
916 2021 1134 2111 conceptum
1165 2016 1317 2088 omnino

171 2141 379 2237 superare⁸.
552 2228 556 2233 Ι

218 2267 419 2352 Praeterea,
434 2263 1320 2361 quascumquedeDeoHegeliusscripsit,imper·
1355 2272 1358 2278 ’

165 2390 368 2463 lectissima
383 2393 478 2476 sunt,
498 2394 533 2460 et
548 2393 711 2460 ueterum
728 2392 856 2459 eontra
872 2388 1172 2484 schellingianam
1190 2390 1311 2486 philo-

166 2515 333 2611 sophiam
378 2512 469 2584 nihil
509 2511 718 2606 prohciunt.
757 2511 920 2606 Exempli
968 2536 1090 2603 causa,
1136 2515 1311 2611 Hegelius

167 2638 430 2734 Schellingium
447 2636 641 2731 increpuit,
660 2634 759 2731 quod
775 2634 833 2707 hic
852 2635 981 2724 Deum,
1000 2643 1188 2734 tamquam
1205 2639 1313 2712 subs-

166 2765 334 2852 tantiam,
354 2787 426 2836 non
451 2767 637 2866 tamquam
664 2766 841 2849 mentem,
861 2762 1095 2836 tractavisset.
1117 2762 1314 2860 Egregium

165 2888 334 2962 videlicet
356 2893 412 2965 est
435 2887 553 2959 Deum
580 2891 741 2958 mentem
766 2909 913 2973 vocare;
937 2886 1041 2981 quasi
1067 2911 1110 2960 eo
1137 2889 1314 2962 vocabulo

168 3012 363 3086 Christiani
380 3035 454 3082 non
476 3010 583 3104 vulgo
609 3014 814 3081 uterentur.
835 3009 927 3094 Quid
945 3011 1069 3098 relert,
1094 3010 1124 3082 si
1138 3011 1176 3083 in
1193 3013 1316 3108 priore
1357 3034 1361 3037 ’
1409 3024 1411 3027 ’

166 3136 431 3233 schellingiana
451 3134 686 3231 philosophia
708 3133 804 3206 Deus
821 3156 924 3204 mens
943 3133 1147 3230 appellatus
1163 3139 1222 3225 sit,
1253 3144 1316 3210 aut

166 3264 261 3335 non?
290 3262 393 3347 Quod
423 3261 588 3348 verbum,
624 3257 655 3330 si
688 3257 919 3347 occurrisset,
952 3282 1040 3331 sane
1071 3260 1159 3332 satis
1194 3262 1314 3356 ample

168 3386 364 3473 sonuisset,
382 3408 453 3480 quo
475 3382 601 3457 audito
619 3380 763 3478 gavisus
780 3387 876 3453 esset
896 3382 1040 3477 piorum
1060 3383 1217 3458 animus.
1237 3386 1314 3459 Hoc

171 3510 383 3606 ceteroquin
399 3512 556 3596 constat,
575 3506 611 3578 in
628 3507 697 3578 hac
714 3506 861 3601 quidem
879 3506 1115 3603 philosophia
1134 3509 1250 3583 Deum
1271 3511 1317 3584 ad

168 3643 373 3709 extremum
390 3656 474 3707 eum
487 3656 580 3721 esse,
599 3630 660 3725 qui
681 3636 808 3699 ὁὲαυτὸν
819 3644 891 3698 νοῶν
902 3631 1023 3703 vocari
1035 3634 1166 3727 possit3
1182 3635 1314 3707 mentis

169 3747 282 3857 igitur
309 3759 458 3832 nomine
493 3755 628 3851 dignus
665 3759 757 3827 erat.
795 3754 981 3842 Attamen,
1013 3780 1095 3829 cum
1126 3762 1313 3854 tamquam

170 3884 361 3971 terminus,
380 3906 452 3955 non
465 3890 650 3977 tamquam
660 3878 893 3975 principium,
909 3884 1096 3975 tamquam
1108 3884 1325 3959 causalia-

170 4009 230 4094 lis,
249 4033 323 4082 non
339 4014 526 4102 tamquam
543 4027 651 4077 causa
663 4002 837 4091 efficiens,
855 4008 1052 4099 conceptus
1064 4012 1171 4094 esset,
1186 4007 1215 4078 si
1231 4031 1314 4079 eum

205 4261 228 4307 l.
245 4258 299 4306 Zur·
313 4253 465 4305 Geschiehte
480 4254 527 4302 der
543 4265 658 4302 neuneu
671 4249 851 4313 Philosophia,
868 4251 887 4311 l,
903 4265 929 4313 x,
946 4265 971 4315 p.
988 4252 1042 4301 lar.

206 4340 229 4466 Ξ
247 4336 448 4479 libilllelilluulpfflila
467 4415 509 4461 dic
522 4408 692 4474 Philosophia
708 4410 756 4459 dei·
770 4409 962 4475 Offeubaruuq,
976 4410 1007 4474 ll,
1022 4425 1062 4474 ιιι,
1081 4427 1106 4476 p.
1123 4413 1176 4465 lat.
1279 4428 1284 4437 ’
