3198 5056
256 385 291 438 36
434 346 480 437 Du
503 380 724 436 POSTERIORE
748 380 968 436 SCHELLINGll
986 382 1221 438 PHILOSOPHlA

305 536 475 609 Ceterum
496 539 648 629 propter
667 557 711 606 ea
731 539 767 606 et
785 533 862 629 ipse
879 535 1175 630 impugnabatur.
1196 535 1284 607 Cum
1301 558 1395 629 pree-

254 659 357 747 latio,
371 657 575 754 praelationi
591 656 737 730 Cousini
754 658 940 755 adjuncta,
954 659 1053 731 edita
1068 665 1136 745 est,
1154 660 1317 755 quidam,
1332 662 1394 756 qui

253 781 1395 879 initioSchellingioamicissimus,sedposteaabilloalienatus

253 913 342 997 crat,
374 908 509 980 Paulus
541 907 705 995 nomine,
735 907 871 980 librum
903 907 1071 981 occultus
1102 907 1229 996 edidit,
1252 907 1288 980 in
1323 933 1397 1004 quo

251 1032 524 1130 philosophiam
540 1031 844 1128 schellingianam
861 1031 963 1104 omni
980 1056 1022 1104 ex
1038 1038 1143 1128 parte
1157 1033 1302 1105 inanem
1315 1057 1395 1106 esse

251 1156 516 1253 predicabat&
557 1155 710 1228 Exstitit
746 1161 782 1228 et
813 1155 971 1251 scriptor
1008 1162 1188 1230 emuncta
1222 1157 1323 1230 naris
1357 1164 1392 1231 et

160 1358 163 1369 ,
251 1282 508 1370 facetissimus,
523 1282 584 1375 qui
602 1278 866 1375 Schellingium
883 1280 1020 1353 amaris
1036 1281 1172 1353 salibus
1187 1286 1224 1353 et
1240 1283 1394 1357 misera·

249 1407 347 1479 tione
371 1407 529 1501 quadam
558 1410 775 1500 prosecutus
800 1404 888 1477 est².
916 1405 996 1477 Non
1021 1405 1169 1478 defuere
1185 1405 1295 1480 etiam
1311 1408 1387 1491 alii,

213 1512 219 1517 ⁶
247 1530 323 1626 qui,
337 1527 1385 1627 Hegelioplusminusaddicti,Schellingiumcarpserint.

246 1655 312 1727 Hic
345 1654 651 1750 schellingianam
690 1651 899 1726 doctrinam
938 1652 1080 1726 dicebat
1113 1654 1386 1729 circulatoriam

246 1802 338 1874 opus
377 1802 471 1868 esse,
496 1777 594 1874 quod
626 1776 860 1850 Germaniam
888 1777 1095 1865 infamaret,
1119 1778 1389 1878 Schellingium

244 1903 416 1991 alterum?
439 1903 476 1975 in
514 1902 749 1999 philosophia
787 1901 936 1997 quidem
981 1927 1061 1975 esse
1101 1903 1385 2000 Cagliostrum³3

242 2028 304 2101 ille
328 2027 548 2123 evangelicis
572 2027 695 2113 verbis
718 2025 902 2116 utebatur,
930 2028 1064 2101 coelum
1089 2029 1204 2126 magis
1227 2030 1386 2126 gaudere

242 2176 317 2225 uno
349 2153 394 2224 ad
425 2151 536 2224 fidem
568 2174 757 2238 converso,
789 2175 899 2246 quam
929 2153 1131 2248 nonaginta
1161 2177 1292 2227 novem
1317 2154 1386 2251 piis

241 2275 462 2372 paenitentia
488 2275 717 2372 expertibus,
745 2276 939 2370 aiebatque
970 2274 1236 2374 Schetlingium
1265 2281 1383 2353 susci-

241 2406 356 2474 tatum
394 2423 487 2489 esse,
521 2405 562 2474 ut
596 2399 763 2472 infideles
802 2399 1146 2474 contunderentur&
1185 2402 1384 2500 Postquam

240 2530 362 2607 autem
380 2522 643 2620 schellingius,
664 2529 815 2620 propter
828 2547 973 2623 causas,
991 2549 1081 2620 quas
1096 2527 1236 2601 reterre
1254 2551 1384 2624 super-

240 2673 395 2723 uacuum
412 2654 482 2739 est,
504 2647 693 2746 Bajoarios
715 2648 879 2744 reliquit,
900 2673 982 2722 cum
1005 2650 1167 2723 Berolini
1185 2654 1385 2751 praelegere

237 2772 390 2870 incepit,
406 2772 498 2845 dixit
517 2796 555 2845 se
575 2777 659 2844 ante
680 2771 1004 2868 quadragesimum
1031 2797 1169 2847 annum
1191 2777 1317 2849 lolium
1344 2779 1381 2851 in

237 2897 334 2969 hunc
363 2896 517 2986 librum,
550 2919 621 2991 quo
652 2895 831 2969 contineri
861 2895 1005 2971 videtur
1035 2903 1111 2972 tota
1141 2900 1381 2998 philosophiae

236 3021 404 3111 historia,
424 3021 636 3108 inseruisse,
654 3021 815 3116 priorem
837 3045 923 3095 vero
945 3023 1115 3119 paginam
1136 3049 1157 3097 a
1178 3050 1216 3099 se
1231 3027 1381 3102 omnino

237 3146 485 3242 conscriptam
503 3144 628 3231 luisse,
648 3169 687 3218 se
708 3152 874 3218 ceterum
891 3147 1133 3242 posteriorem
1150 3150 1300 3225 cuilibet
1315 3153 1377 3225 alii

236 3389 303 3425 vous
329 3376 419 3424 n'nvez
443 3374 500 3424 fait.
526 3376 596 3425 Pour
612 3375 678 3425 faire
695 3374 781 3439 grand
802 3375 862 3424 leur
880 3378 985 3436 mettre,
1001 3376 1021 3425 il
1044 3377 1103 3427 saut
1117 3383 1199 3429 avant
1218 3383 1277 3431 tout
1298 3384 1380 3446 qu'on

236 3468 278 3504 me
300 3454 468 3522 lasscpetit.
486 3455 555 3505 C'est
573 3453 598 3504 le
617 3457 675 3504 mot
695 3453 799 3505 d’ordre
817 3469 869 3518 que
888 3454 946 3505 leur
963 3466 979 3504 a
998 3454 1087 3504 donne
1108 3455 1133 3506 le
1150 3458 1219 3519 chel,
1238 3462 1293 3524 qui,
1311 3477 1382 3513 scm·

235 3534 324 3584 blable
339 3548 374 3584 an
393 3534 474 3583 Vieuc
489 3535 522 3583 de
536 3535 563 3584 la
580 3537 731 3598 mentuque,
751 3547 813 3583 sans
826 3535 924 3597 jamnis
936 3535 1018 3585 sortir
1031 3536 1064 3584 de
1078 3550 1129 3586 son
1144 3538 1241 3601 reduit,
1253 3545 1297 3592 sut
1312 3543 1381 3594 taire

234 3615 292 3678 agir
307 3629 349 3664 ses
361 3613 553 3676 instruments3
566 3614 636 3664 mais
649 3614 688 3663 les
702 3613 892 3678 imprudences
904 3615 931 3665 et
942 3613 982 3664 les
995 3614 1188 3668 indiscretione
1201 3618 1232 3669 dc
1246 3634 1290 3670 ces
1306 3610 1380 3672 fann'-

1405 27 1593 209 1

194 3720 198 3729 .
233 3695 321 3757 tiques
335 3695 402 3744 l’ont
416 3693 487 3743 trabi
499 3693 593 3758 depuis
604 3693 669 3756 qu'il
682 3697 722 3744 est
734 3696 814 3754 mort,
830 3697 902 3743 etc...
919 3712 931 3737 n
946 3694 1002 3743 Aue
1016 3693 1166 3760 Sebeltioys
1180 3699 1273 3762 beben,
1287 3701 1382 3753 Schel-
1451 3735 1454 3741 -

234 3776 291 3839 lioq
303 3789 339 3824 αη
355 3775 462 3834 cousin,
476 3774 520 3835 lll,
533 3788 559 3838 p.
575 3776 614 3823 95.

262 3856 285 3905 l.
303 3851 513 3916 Entdeckunyen
528 3853 591 3902 teter
606 3853 814 3916 Entdecleunpea
830 3869 940 3904 uererer
958 3858 1082 3904 acuentem
1099 3856 1286 3924 Philosophen,
1304 3866 1379 3914 etc...

237 3935 287 3984 Von
298 3933 383 3998 Magis
398 3933 486 3983 amica
498 3933 598 3983 veritas
611 3932 702 3997 (1835).

259 4016 283 4063 2.
301 4014 333 4064 H.
349 4013 444 4074 Heine,
460 4014 514 4063 Der
530 4011 622 4073 Salon,
639 4012 670 4073 ll,
690 4010 796 4073 Werlce,
813 4012 855 4063 ed.
871 4013 951 4063 Ernst
963 4013 1059 4075 Elster,
1076 4014 1118 4075 IV,
1133 4030 1159 4078 p.
1173 4019 1218 4068 288
1234 4034 1275 4084 sq.
1290 4049 1320 4059 -
1337 4025 1380 4073 De

237 4094 412 4158 'Allemapoa
426 4095 452 4142 3ο
464 4093 564 4157 partie,
580 4091 630 4141 sub
640 4093 688 4157 fio.
698 4119 728 4130 -
745 4091 826 4142 Ueber
836 4091 1032 4153 Deutschlond,
1043 4096 1058 4142 2
1069 4095 1116 4144 Th.
1126 4096 1282 4164 (Hamburg,
1294 4103 1376 4167 1868),

225 4190 252 4239 p.
270 4177 314 4224 157
330 4189 387 4238 sq.;
402 4188 428 4238 p.
446 4174 563 4224 naa-284.
701 4216 706 4227 .

257 4255 280 4303 3.
299 4254 464 4313 Fauerbach,
482 4255 537 4303 Das
556 4254 648 4303 Wescn
663 4253 709 4304 des
725 4251 947 4316 Christentbums,
963 4256 998 4302 2⁸⁰
1012 4254 1123 4320 huttage
1138 4256 1227 4322 (1843),
1246 4260 1373 4314 Verrede.

256 4337 279 4384 t.
297 4335 386 4384 Bruno
404 4335 500 4396 Bauer,
514 4333 660 4398 Sebetlinq,
677 4335 725 4383 der
741 4332 924 4398 Philosophia
941 4333 1054 4397 chadalo,
1071 4336 1135 4384 oder
1146 4336 1189 4387 die
1204 4339 1375 4408 Verlclrtruop

223 4416 272 4464 dev·
286 4413 475 4464 Weltweisheit
485 4429 535 4465 zur
548 4414 753 4464 Gottesweisbeit
769 4414 858 4477 (lale).
