3198 5056
495 950 688 1032 CAPUT
725 950 993 1033 TERTIUM

172 1369 345 1419 QUOMODO
371 1370 412 1412 ΕΤ
437 1371 568 1419 QUlBUS
591 1371 822 1416 Ttmeonlnus
846 1374 1106 1418 SCHELLlNGlUS
1135 1377 1314 1420 staterum

612 1506 875 1549 incessrvtnrr

222 1874 272 1943 Ex
296 1873 340 1945 iis
364 1898 444 1968 quoe
467 1875 710 1972 Schellingins
730 1882 857 1949 contra
884 1877 1075 1972 Hegelium
1097 1879 1309 1973 disputavit,

172 1997 347 2094 illudjom
363 1999 523 2093 primum
539 2006 704 2097 apparet,
723 2002 820 2096 quod
838 2002 909 2074 olio
924 2026 1070 2105 quoque
1086 2002 1311 2088 indicebant,

169 2121 1309 2220 hegelionomdoctrinam,postquampraevaluisset,inecesse,

171 2251 247 2319 inm
278 2253 316 2321 ut
347 2248 522 2322 intestino
557 2247 715 2344 quodem
747 2248 833 2321 vitio
864 2250 1138 2331 dissolveretur,
1170 2255 1246 2324 tum
1274 2255 1314 2323 nt

170 2371 268 2443 brevi
288 2373 505 2467 quibusdem
531 2374 745 2462 offenderet,
773 2399 854 2469 qnae
883 2374 1111 2448 extrinsecus
1132 2375 1184 2447 illi
1201 2375 1313 2447 exilio

169 2496 289 2570 future
305 2504 441 2571 essent.
463 2498 566 2571 Multi
593 2498 690 2571 enim
717 2498 915 2594 scriptores
938 2499 1099 2594 prolerri
1122 2501 1274 2595 possint,
1294 2524 1315 2572 a

169 2622 299 2716 quibus
322 2622 421 2696 circo
444 2647 643 2696 nocccxxx
665 2647 803 2697 annum
833 2623 1037 2719 hegelienae
1069 2623 1314 2720 philosophie

168 2746 258 2818 varii
274 2747 344 2820 loci
365 2749 694 2844 impugnabantur,
718 2748 778 2844 qui
793 2748 977 2844 praecipue
994 2748 1133 2845 Hegelii
1153 2748 1312 2843 logicam

170 2873 406 2962 damnabant,
434 2875 531 2969 quod
557 2872 670 2945 nimie
696 2873 887 2946 oliectorel
908 2880 1017 2967 atque
1041 2872 1151 2945 etiam
1181 2896 1247 2968 per
1276 2897 1314 2946 se

167 2996 248 3091 ipse
263 3021 393 3093 perum
409 3004 508 3071 recte
525 3002 710 3072 constaret
725 2998 750 3069 ¹.

218 3122 483 3218 Schellingium
499 3146 644 3217 quoque
663 3145 745 3195 cum
761 3122 911 3217 Hegelio
926 3120 1076 3195 omnino
1094 3120 1311 3193 dissensisse

167 3269 276 3319 nemo
302 3269 374 3319 non
400 3247 608 3336 nesciebct3
632 3248 697 3320 sed
720 3269 791 3341 qno
822 3246 946 3333 modo,
971 3245 1100 3340 quibus
1126 3246 1255 3332 verbis,
1278 3251 1314 3317 et

167 3375 361 3466 quotennS,
387 3370 440 3443 illi
473 3372 591 3444 solum
621 3376 814 3460 noverant,
843 3369 904 3465 qui
940 3370 1156 3464 magistrum
1187 3368 1312 3441 inille

166 3495 379 3591 nuperrime
405 3498 500 3592 apud
521 3495 713 3593 Bojoorios
738 3495 887 3568 condite
914 3494 1160 3567 Universitete
1177 3496 1312 3568 docen-

195 3703 218 3748 l.
237 3701 285 3750 Hic
300 3700 434 3751 referendi
444 3701 507 3749 sunl
517 3699 587 3761 libri,
600 3714 614 3748 e
625 3699 721 3762 quibus
735 3697 857 3748 nonnulli
869 3697 995 3761 primum,
1010 3696 1118 3746 sublato
1127 3697 1236 3746 nomine
1250 3713 1312 3747 eue-

164 3782 240 3842 toris,
256 3781 322 3831 editi
341 3782 406 3830 sunt
421 3796 427 3829 ι
444 3781 618 3839 Hirlsemonn,
637 3778 718 3829 Ueber
728 3777 870 3842 Hegelrede
884 3776 966 3825 Lehre
981 3776 1046 3825 oder·
1057 3775 1191 3826 absolutes
1209 3778 1309 3827 Wiren

164 3862 221 3911 ond
238 3863 381 3910 modcrnen
393 3859 577 3924 panideismus
589 3859 714 3924 (Leipzig,
732 3859 813 3922 1829).
828 3884 858 3894 -
873 3856 958 3906 Rome
974 3869 1029 3904 von
1042 3856 1213 3916 Lilienstern,
1230 3857 1312 3906 Ueter-

165 3941 242 4004 Sepn,
267 3940 413 4004 Nirlctseyn
432 3940 489 3989 und
508 3940 622 3989 Werden
640 3939 748 4002 (Berlin,
761 3937 850 4001 ism).
870 3963 902 3973 -
919 3933 1037 3997 Kelisoh,
1058 3936 1149 3998 Briefe
1166 3950 1248 3999 peperi
1269 3937 1311 3984 die

166 4021 317 4085 Hegel'sclre
337 4021 533 4085 Eneycloprtdie
552 4020 600 4069 der
613 4017 844 4083 philosophisclren
864 4014 1092 4078 Wirsencclraften
1114 4017 1220 4079 (Berlin,
1239 4017 1311 4063 1829-

166 4102 245 4164 1830).
265 4102 375 4166 Majoris
396 4100 519 4151 nomenti
538 4102 623 4150 sunt:
642 4099 703 4148 Chr.
723 4099 860 4148 llermonn
876 4096 977 4157 Weise,
996 4094 1077 4144 Ueber
1093 4095 1144 4143 den
1159 4100 1311 4158 peperero*-

166 4180 238 4243 (ipen
251 4180 425 4246 Standpunlrt
439 4181 487 4231 der
493 4178 726 4244 philosophisclien
745 4174 974 4240 Wissenschasten
991 4174 1116 4239 (Leipzig,
1129 4176 1213 4237 l829);
1231 4174 1312 4224 Ueder

165 4262 214 4309 dns
244 4260 409 4311 Vertdltnics
436 4261 482 4310 des
507 4258 659 4310 Publicanos
681 4274 728 4307 zur
748 4256 919 4323 Philosophie
940 4257 969 4305 in
994 4258 1052 4305 dem
1074 4252 1232 4318 Zeilpunlrle
1261 4269 1308 4304 oon

168 4340 267 4404 llepel's
284 4341 398 4392 Ableben
415 4341 540 4405 (Leipzig,
557 4339 638 4402 1832).
