3198 5056
259 322 293 372 12
443 324 489 378 DE
507 324 726 380 POSTERIORE
747 322 966 378 SCHELLINGH
984 320 1221 377 PHILOSOPHIA

259 471 360 559 titus,
393 472 567 569 quiante
597 481 633 548 et
672 479 775 547 extra
814 474 1040 547 intellectum
1074 477 1141 560 est,
1176 469 1405 543 intellectum

261 605 382 667 tamen
404 599 525 671 studio
547 600 708 694 quodam
733 597 981 694 prosequitur.
1006 596 1194 683 Quatenus
1217 594 1329 690 igitur
1344 591 1405 664 hie

259 720 441 816 appetitus
458 722 498 794 su
515 722 739 810 intellectus,
759 729 928 796 naturam
945 721 1176 793 discriminat
1197 745 1204 792 :
1223 741 1295 813 quo
1311 717 1406 789 indi-

258 842 357 915 vidui
382 852 598 918 naseuntur.
627 847 806 942 Denique,
828 870 909 919 eum
939 845 1034 917 Deus
1052 845 1148 916 inter
1172 867 1209 916 se
1225 847 1261 915 et
1281 863 1405 914 seeum

258 965 466 1042 indiiiduos
483 969 580 1043 malo
594 971 783 1067 sejunctos
800 970 980 1060 conciliet,
995 968 1128 1041 caritas
1141 967 1272 1040 merito
1284 967 1407 1062 appel-

259 1091 370 1180 latur,
389 1098 424 1165 et
452 1094 591 1190 seipse
616 1098 656 1167 ut
676 1118 833 1190 persona
858 1092 1032 1190 perheit¹.
1051 1094 1145 1166 Dum
1173 1093 1252 1165 haee
1277 1089 1408 1164 etalio

168 1221 169 1224 ’
260 1216 412 1312 hujusne
429 1219 528 1290 modi
547 1218 794 1315 Schellingius
810 1218 958 1315 profert,
978 1242 1016 1291 se
1041 1219 1191 1290 rebotur
1212 1217 1324 1288 etiam
1350 1213 1406 1287 res'

261 1341 355 1413 intra
370 1340 523 1415 rationis
541 1345 720 1415 [erminus
737 1343 941 1426 inoludere;
960 1341 1192 1416 existimabat
1207 1342 1279 1413 boo
1294 1363 1405 1436 agens

260 1489 297 1535 se
310 1464 385 1538 Deo
401 1467 657 1540 tantummodo
674 1466 853 1563 prineipia
868 1464 1162 1556 accommodare,
1179 1489 1257 1561 quan
1273 1463 1310 1536 in
1326 1463 1404 1559 phi-

261 1589 431 1686 losophia
458 1595 598 1663 naturae
625 1598 734 1664 antea
763 1592 1039 1688 praepollebant.
1071 1591 1142 1664 Sed
1170 1588 1404 1662 manifestum

149 1778 154 1793 ,,
261 1719 314 1785 est
336 1715 434 1787 huno
456 1715 700 1793 rationalismi
718 1715 919 1814 exaugepdi
938 1716 1087 1788 modum
1104 1714 1280 1787 adversus
1294 1714 1405 1785 ratio-

263 1838 459 1912 nalismum
479 1839 598 1936 ipsum
627 1839 785 1936 denique
815 1840 959 1913 ostendi
980 1863 1099 1935 posse.
1129 1839 1233 1912 Nune
1256 1836 1404 1933 quidem

262 1964 324 2053 ita,
342 1986 414 2036 non
430 1965 566 2037 omissa
580 1965 703 2060 priore
720 1964 924 2060 disciplina,
944 1962 1120 2060 quidquid
1142 1963 1292 2059 quidam
1316 1961 1406 2058 obji-

262 2087 418 2167 ciebant,
438 2093 474 2160 et
488 2093 574 2160 ante
586 2112 713 2161 omnes
728 2089 913 2179 Jacobius,
925 2090 1021 2161 unde
1036 2089 1275 2183 redargueret
1284 2084 1406 2160 Sebel-

262 2210 395 2307 lingius
410 2213 591 2303 babebat;
613 2212 675 2308 qui
690 2213 994 2309 schellingianam
1015 2213 1290 2310 philosophiam
1306 2211 1406 2282 ineu-

262 2337 405 2427 sabant,
442 2342 568 2432 utpote
603 2339 862 2428 naturalismo,
894 2337 1126 2433 pantheismo
1158 2343 1194 2409 et
1224 2334 1405 2408 albeismo

261 2460 458 2534 addictam.
487 2463 658 2534 Libenter
682 2469 803 2537 autem
825 2462 1088 2559 pronuntiabat
1118 2463 1234 2534 Deum
1262 2461 1293 2532 A
1317 2465 1353 2533 et
1377 2461 1412 2527 t}x

159 2582 161 2587 ‘
260 2584 369 2656 simul
402 2609 496 2673 esse,
524 2584 561 2658 id
589 2595 643 2660 est
670 2588 891 2684 principium
922 2593 958 2660 et
988 2589 1110 2676 finem,
1132 2586 1237 2659 illum
1267 2590 1404 2673 autern,

262 2715 301 2781 ut
335 2709 571 2805 principium,
602 2734 623 2783 a
651 2736 688 2783 se
719 2714 810 2807 ipso,
843 2717 882 2785 ut
914 2712 997 2799 tine,
1031 2711 1259 2796 dissimilem,
1293 2711 1406 2785 bourn

262 2835 360 2906 enim
405 2834 523 2930 primo
567 2835 786 2930 implicitum
830 2861 926 2923 esse,
973 2836 1105 2908 deinde
1149 2835 1360 2931 explicitum
1379 2835 1403 2906 ᾖ.

264 2959 350 3040 Sed,
374 2960 684 3054 quemadmodum
711 2961 864 3050 videtur,
891 2985 965 3034 non
991 2960 1049 3033 bis
1081 2961 1253 3032 utebatur
1279 2958 1407 3032 Sebel-

262 3083 408 3179 lingius,
445 3089 482 3156 ut
512 3084 584 3156 duo
619 3084 898 3181 disciplinarum
929 3109 1065 3182 genera
1103 3086 1244 3157 diverso
1278 3084 1408 3156 admit·

264 3213 369 3293 teret,
390 3210 522 3302 quibus
543 3208 686 3281 diverse
707 3210 805 3281 Deus
826 3209 1126 3304 intellegeretur3
1150 3206 1407 3282 tantummodo

263 3331 431 3404 studebat
453 3357 665 3426 processum
682 3334 878 3428 quemdam
902 3333 1120 3429 significare,
1139 3357 1205 3429 per
1229 3356 1336 3428 quem
1362 3333 1407 3403 ab

265 3455 368 3528 initio
393 3457 593 3528 aderitum
615 3481 678 3529 ens
700 3459 999 3553 progrederetur,
1023 3459 1172 3547 Verum,
1193 3461 1232 3530 ut
1247 3457 1408 3559 pbiloso-

265 3580 389 3674 phiam
415 3581 651 3653 novissimam
681 3582 750 3653 sibi
780 3588 1021 3677 compararet,
1056 3585 1258 3677 cogebatur
1283 3581 1408 3678 mysti-

294 3873 315 3919 1.
334 3870 552 3937 Philosophisehe
582 3873 818 3937 Untersuchunpen
847 3875 911 3924 dher
938 3877 989 3924 dns
1017 3876 1108 3924 Wesen
1134 3874 1182 3922 der
1212 3871 1410 3923 menschlr'ehen

264 3952 385 4014 Fr'ez'ber't,
404 3954 423 4012 1,
437 3968 483 4012 vu,
499 3968 525 4017 p.
542 3955 655 4014 357-36'r,
671 3970 695 4018 p.
712 3955 825 4003 394-403.
842 3983 871 3990 -
886 3957 916 4004 A.
931 3956 1040 4015 Weber,
1061 3957 1179 4004 Examen
1200 3955 1315 4018 critique
1332 3954 1364 4001 de
1384 3953 1412 4001 la

258 4024 425 4095 philosophie
444 4033 584 4095 relipr'euse
596 4035 629 4082 de
641 4035 787 4100 Schellinp,
805 4037 873 4096 1860,
887 4050 914 4099 p.
932 4037 1010 4084 13-28.
1029 4062 1059 4072 -
1074 4036 1165 4084 Victor
1179 4035 1286 4096 Detbos,
1303 4034 1337 4082 Le
1349 4047 1413 4097 pro·

264 4110 345 4160 bldme
360 4112 446 4161 morel
460 4115 528 4161 dens
543 4115 573 4162 lo
581 4113 751 4178 philosophie
765 4117 797 4164 de
812 4115 926 4179 Spinoza
936 4118 962 4163 et
975 4115 1181 4165 dunsl'hietotre
1196 4116 1231 4163 du
1246 4114 1410 4177 aphorismo,

263 4194 332 4253 1893,
349 4208 375 4256 p.
393 4195 507 4241 ere-nae.

294 4276 316 4320 2.
337 4272 465 4322 ueneram
484 4274 533 4322 der
554 4273 657 4336 Schrift
684 4290 732 4323 uon
757 4276 808 4324 deu
828 4275 974 4337 pdtth'cheo
995 4276 1100 4338 Diapen
1126 4277 1171 4325 des
1195 4277 1280 4324 Herum
1308 4272 1410 4335 Jacobz',

266 4354 284 4411 l,
303 4367 359 4414 viu,
378 4367 404 4416 p.
421 4354 459 4402 8¹.
