3198 5056
549 1061 747 1164 'cxrur
785 1014 1080 1173 auxarum

314 1573 397 1622 QUtD
421 1571 604 1615 ΡΗΕΟΙΡϋΕ
628 1570 839 1613 utozrrxxoe
863 1569 1031 1612 ΜΕΤΗΟῠΟ
1056 1565 1315 1611 scutariuorus

714 1728 910 1774 ostentant

293 2128 382 2226 Cum
412 2155 584 2249 Hegelius
609 2153 805 2250 professus·
823 2159 900 2225 erat
930 2177 1034 2226 suam
1064 2151 1334 2249 philosophiam
1364 2174 1385 2222 a

244 2278 509 2373 schellingiaua
525 2278 749 2374 discrepare,
768 2279 805 2349 in
821 2278 891 2350 hoc
907 2278 1112 2374 praesertim
1132 2277 1323 2365 haerebat,
1348 2279 1386 2345 ut

243 2404 419 2476 methodo
440 2426 521 2475 sese
543 2402 821 2476 commendaret
843 2401 996 2497 ideoque
1021 2408 1164 2475 mentes
1184 2398 1384 2503 legentium

244 2526 456 2601 devinciret.
477 2526 623 2600 Etenim
638 2525 865 2601 dialecticam
882 2528 1059 2600 doctrinae
1082 2552 1156 2600 sua
1175 2530 1293 2598 artem
1314 2524 1387 2597 dis·

244 2654 357 2725 tinete
374 2658 618 2747 expresserat.
639 2653 759 2738 Quare
775 2677 848 2725 uon
864 2658 917 2724 est
938 2652 1037 2748 quod
1058 2651 1200 2723 mireris
1215 2674 1237 2723 a
1257 2649 1386 2722 Schel-

243 2776 357 2871 liugio
386 2775 568 2871 imprimis
587 2776 818 2871 hegetiauam
843 2776 1060 2849 methodum
1082 2777 1284 2872 inspectam
1309 2797 1387 2846 esse

245 2905 354 2996 atque
375 2900 566 2987 elevatam,
589 2905 628 2972 ut
647 2900 730 2972 inde
760 2907 901 2994 pateret
922 2901 1113 2998 Hegelium
1140 2900 1208 2972 sibi
1232 2899 1387 2971 nimium

244 3025 430 3098 tribuisse.

295 3149 383 3223 Cum
400 3150 516 3222 multa
533 3149 680 3223 insolita
692 3155 728 3223 et
743 3151 788 3222 ad
805 3149 1076 3224 defendendum
1091 3150 1256 3222 difficilia
1270 3150 1388 3244 Hege-

244 3273 314 3347 lius
326 3273 491 3369 protulit,
502 3282 580 3347 tum
597 3276 666 3347 hoc
681 3275 877 3371 praecipue,
896 3276 1033 3372 logicos
1047 3279 1245 3371 conceptus
1261 3278 1388 3370 sponte

245 3422 312 3471 sua
338 3423 375 3470 se
406 3421 563 3471 movere.
597 3398 770 3484 Quanam
799 3400 851 3471 ita
877 3401 1006 3472 miscet
1043 3403 1080 3471 et
1108 3401 1312 3488 conturbat,
1349 3404 1389 3471 ut

247 3521 386 3616 aliquid
407 3528 540 3595 natura
560 3524 659 3595 iners
673 3523 718 3619 [et
737 3522 895 3617 rigidum
916 3523 989 3595 rita
1015 3524 1173 3618 quadam
1195 3524 1388 3619 praeditum

247 3670 325 3720 esse
364 3645 563 3743 pradioet‘?
605 3647 806 3720 Verborum
839 3647 1079 3722 translatione
1116 3648 1230 3722 utitur
1258 3647 1389 3722 audaci

246 3772 409 3868 quidem,
425 3795 552 3844 verum
565 3770 696 3844 inani¹.
722 3773 754 3843 ls
771 3774 1026 3879 tautummodo
1046 3772 1276 3869 hegeliauam
1297 3775 1391 3846 hanc

247 3897 383 3971 thesim
405 3895 584 3969 exstitisse
601 3920 708 3992 posse
725 3896 794 3969 sibi
811 3897 926 3992 fingit,
944 3899 1003 3992 qui
1020 3904 1166 3993 reputat
1181 3900 1225 3970 ah
1240 3898 1390 3994 Hegelio

248 4019 547 4117 schellingiauam
574 4021 780 4094 doctrinam
808 4022 852 4094 de
877 4022 934 4094 his
961 4024 1124 4095 ommino
1148 4022 1389 4095 adulteratam

248 4170 343 4219 esse.
375 4144 470 4219 Saue
504 4144 651 4240 quidem
686 4145 930 4243 Schelliugius
960 4170 1173 4242 processum
1194 4145 1389 4241 quemdam

279 4350 301 4398 t.
319 4350 373 4398 Zur
387 4323 542 4399 Gerohtchte
554 4347 602 4398 der
615 4364 729 4399 neaereu
743 4348 919 4413 Philosophia,
934 4351 954 4411 l,
970 4363 996 4411 x,
1009 4364 1034 4414 p.
1053 4351 1106 4399 138.
1123 4377 1153 4385 —
1167 4349 1222 4398 Aua
1237 4349 1390 4413 Scheltinps

248 4428 342 4490 Laden,
354 4428 493 4493 Schellr'np
506 4442 542 4478 au
558 4429 733 4493 Dorsrmtttcr,
752 4430 797 4490 ΙΙΙ,
810 4444 837 4493 p.
856 4432 909 4478 135.
