3198 5056
601 364 715 418 CAPUT
734 364 872 420 PRIMUM
1293 367 1309 419 ὅ
1542 320 1562 419 Ι,
1590 392 1591 459 p

1590 464 1591 491 i

164 514 275 617 tiana,
307 521 408 587 orius
446 520 557 604 esset,
587 538 695 610 quam
729 514 906 611 paulatim
936 521 1079 590 tantum
1120 517 1308 606 omiserat,

166 636 336 733 Hegelius
352 662 373 711 a
389 639 547 735 genuino
565 644 600 712 et
614 639 786 734 propiore
803 663 925 713 rerum
942 641 1107 715 omnium
1123 641 1311 714 intellectu

165 762 351 857 proiectus
386 769 453 851 est,
492 764 538 837 ad
575 769 789 859 quamtum
828 764 1072 838 admiratione
1102 765 1310 839 Graecorum

166 885 316 984 ingenii,
339 892 418 960 tum
438 887 655 985 theologicis
681 888 812 962 studiis
835 888 1013 962 adductus
1037 890 1193 963 luerat¹.
1216 891 1313 962 Pra-

168 1019 268 1084 terea
287 1011 531 1109 Schellingius
552 1036 626 1086 uon
642 1014 772 1085 eadem
791 1036 940 1109 semper
955 1014 1013 1086 via
1029 1015 1149 1111 pergit
1163 1020 1313 1109 propior

167 1137 395 1209 alacritatem
429 1143 465 1211 et
500 1143 677 1232 tanquam
711 1142 927 1210 aestuantem
953 1139 1088 1211 mentis
1114 1138 1308 1233 impetum3

103 1265 131 1291 ⁵
167 1260 303 1334 diutius
341 1261 379 1332 in
416 1259 547 1333 eodem
589 1261 768 1335 doctrinar
801 1286 935 1358 genere
977 1262 1198 1336 commorari
1237 1286 1311 1334 non

171 1390 304 1480 potest,
331 1409 414 1458 cum
442 1384 661 1458 sententiam
687 1391 830 1461 mutare
857 1410 968 1484 quam
994 1387 1171 1484 perficere
1192 1387 1310 1460 malit.

167 1509 481 1605 Hegeliuscontra
498 1492 628 1583 eodem
646 1512 859 1584 incumbere
876 1497 1014 1601 studet3
1033 1536 1106 1584 non
1119 1511 1150 1584 is
1167 1518 1233 1602 est,
1253 1514 1313 1608 qui

166 1632 418 1706 adumbratam
438 1640 580 1708 tantum
600 1635 749 1707 inchoet
765 1634 984 1724 doctrinam,
1003 1638 1065 1708 sed
1082 1636 1184 1708 illam
1206 1660 1313 1732 coag-

168 1764 317 1831 mentet.
338 1757 441 1845 Quod
455 1758 485 1830 si
499 1765 651 1854 uterque
664 1760 840 1851 mundum
857 1759 980 1833 animo
995 1759 1157 1854 concipit
1168 1759 1312 1857 pulchri

169 1883 289 1956 studio
319 1881 479 1978 quodam
510 1882 722 1969 instinctus,
747 1907 820 1956 nou
855 1883 936 1956 ideo
966 1884 1133 1980 ejusdem
1174 1884 1314 1980 pulchri

168 2009 303 2103 speciei
318 2007 503 2080 studiosus
520 2014 589 2098 est;
615 2008 673 2080 hic
690 2008 789 2080 enim
806 2010 874 2081 arti
891 2009 1104 2082 romanticae
1123 2010 1224 2095 lavet,
1244 2033 1315 2104 qua

169 2133 359 2226 ingenium
376 2133 581 2227 prasertim
603 2139 716 2227 patet,
741 2133 800 2204 ille
817 2139 940 2204 autem
958 2134 1027 2205 arti
1052 2133 1226 2222 classica,
1244 2157 1316 2228 qua

168 2256 348 2330 abolescit
371 2255 548 2351 quidquid
573 2256 752 2329 artificem
786 2258 905 2351 ipsum
936 2257 1046 2330 nimis
1071 2256 1248 2347 declarat,
1279 2265 1314 2330 et

166 2404 246 2474 quae
262 2380 468 2476 significare
487 2386 613 2470 tentat,
634 2404 743 2475 quam
760 2385 843 2476 apte
859 2405 952 2476 opus
973 2381 1157 2454 cohaereat
1171 2385 1191 2453 ².

215 2505 337 2578 Muliae
353 2505 438 2578 inde
458 2504 674 2579 exstiterunt
700 2529 819 2578 causae
841 2528 906 2578 cur
927 2505 979 2577 illi
1002 2507 1075 2579 duo
1099 2507 1312 2603 philosophi
1390 2530 1391 2533 ’

166 2630 362 2726 aliquando
391 2628 637 2703 dissentirent.
666 2630 712 2704 Ut
744 2652 854 2725 supra
886 2628 1058 2720 diximus,
1086 2630 1197 2704 tacito
1228 2655 1316 2726 quo-

168 2753 252 2826 dam
274 2753 383 2827 modo
408 2754 505 2827 inter
530 2778 569 2827 se
595 2752 836 2840 dissidebant,
855 2753 911 2826 vel
936 2777 1020 2827 cum
1043 2755 1203 2826 maxime
1228 2778 1316 2828 con-

168 2878 296 2951 cordes
314 2902 393 2952 esse
409 2877 631 2952 viderentur.
648 2877 819 2965 Quamvis
836 2878 934 2950 enim
950 2877 1123 2974 Hegelius
1139 2901 1178 2952 sc
1193 2878 1316 2951 Schel-

167 3001 283 3097 lingio
299 3000 483 3075 addictum
505 3025 587 3074 esse
602 2999 826 3089 ostenderet,
845 3001 1006 3076 libenter
1026 3003 1149 3076 aiebat
1168 3027 1316 3076 necesse

170 3149 251 3198 esse
272 3126 415 3222 singula
439 3147 593 3221 quaeque
612 3130 885 3215 excuterentur,
903 3125 1119 3221 priusquam
1141 3126 1179 3199 in
1202 3152 1315 3200 unum

199 3434 221 3481 1.
239 3428 305 3481 Vide
321 3443 352 3479 ea
368 3442 428 3491 quae
449 3427 574 3491 Hegelius
595 3426 761 3489 schellingio
777 3426 913 3476 scribebat
933 3427 1013 3490 (labo)
1031 3443 1036 3476 :
1059 3447 1069 3472 o
1091 3429 1122 3476 ln
1140 3428 1245 3478 meiner
1259 3429 1318 3478 wis-

165 3509 396 3561 senschaltlichcn
410 3507 534 3572 Bildung,
551 3505 593 3556 die
608 3520 661 3555 von
679 3505 940 3570 untergeordnetern
960 3505 1152 3557 Beddrlnieson
1167 3507 1215 3557 der
1230 3508 1317 3558 Mens-

165 3592 242 3640 cheu>
259 3589 358 3653 anling,
375 3590 477 3637 mussie
498 3588 541 3636 ich
563 3600 610 3635 zur
634 3585 834 3636 Wisscnschalt
853 3587 1041 3650 rorgetrieben
1056 3587 1179 3650 {werdem
1197 3587 1251 3637 und
1262 3587 1316 3652 {das

166 3669 237 3720 ideal
253 3669 299 3718 des
314 3668 542 3732 itinglingsalters
561 3669 665 3715 musste
687 3666 745 3715 sich
767 3680 813 3714 zur
832 3665 1065 3726 Bellexionslorm
1093 3667 1122 3715 in
1146 3667 1189 3717 eiu
1210 3667 1316 3731 System

166 3750 287 3814 zugleicb
304 3746 482 3798 verwandeln.
500 3767 511 3791 »
526 3746 616 3810 Briefe
630 3760 677 3794 oon
693 3745 750 3793 aad
764 3759 800 3793 un
815 3744 905 3807 Hegel,
923 3746 991 3807 1887,
1008 3746 1028 3806 1,
1042 3761 1068 3809 p.
1083 3748 1121 3795 27.

198 3833 221 3880 9.
240 3851 251 3874 «ι
273 3830 359 3879 chn
378 3841 473 3892 grosse
493 3828 621 3877 lliinstler
642 3827 685 3875 ein
707 3825 791 3875 Werk
816 3825 967 3886 vollenden,
990 3840 1021 3876 so
1042 3826 1117 3875 kann
1137 3840 1199 3877 man
1216 3842 1315 3891 sagon:

166 3925 196 3961 so
213 3924 289 3960 muss
304 3924 332 3960 es
350 3909 427 3958 sein:
448 3908 496 3957 das
518 3907 612 3969 heisst,
633 3906 680 3956 des
702 3904 844 3955 Kunstlers
870 3905 1072 3956 Partikularitat
1094 3907 1131 3959 ist
1152 3921 1220 3970 ganz
1245 3922 1317 3958 vers-

166 3989 321 4041 chwunden
337 3987 393 4038 und
404 3988 484 4037 keine
499 3987 600 4038 Manier
611 3986 748 4036 erscheint
763 3985 849 4035 darin.
862 3984 969 4034 Phidias
985 3985 1032 4036 hat
1045 3986 1125 4037 hcine
1140 3987 1258 4048 Manier3
1275 3989 1316 4037 die

168 4069 269 4120 Gestalt
291 4069 375 4118 selhst
394 4067 450 4117 lobi
473 4067 526 4116 unl
546 4067 604 4117 tritt
619 4066 725 4116 hervor.
748 4066 819 4115 dher
836 4066 863 4128 jc
892 4065 1041 4115 schlechter
1064 4066 1113 4116 der
1129 4066 1256 4116 Kiinstler
1271 4067 1315 4127 ist,

166 4149 245 4200 desto
273 4149 351 4198 mehr
371 4148 440 4198 sieht
459 4161 524 4197 man
542 4147 590 4196 ihn
614 4147 709 4207 slbst,
738 4146 811 4194 scine
840 4145 1046 4195 Partikularittt
1074 4146 1129 4195 und
1148 4145 1277 4196 Willkdr.
1304 4167 1315 4190 ι»

168 4229 260 4290 Hegel,
277 4227 453 4278 Grundltnien
468 4228 515 4276 der·
531 4225 700 4290 Philosophia
714 4227 759 4274 des
773 4223 875 4285 Rechts,
889 4228 923 4274 2¹0
933 4226 1053 4290 Aullage,
1068 4227 1137 4286 1840,
1151 4226 1220 4287 Vlll,
1234 4241 1260 4289 p,
1277 4229 1315 4277 51.

199 4309 264 4358 tide
281 4322 342 4372 quae
363 4308 429 4357 alias
451 4307 484 4357 de
509 4306 670 4370 schellingio
687 4310 713 4356 et
733 4304 842 4370 Hegelio
862 4305 933 4354 inter
949 4320 977 4354 sc
992 4305 1098 4355 collutis
1116 4305 1216 4369 scripta
1233 4311 1316 4356 sunt:

171 4388 354 4450 Rosenkrauz,
370 4403 411 4453 op.
426 4389 482 4449 cit,
497 4403 523 4452 p.
541 4388 623 4437 63-64.
