3198 5056
236 360 272 413 62
416 359 462 413 nn
480 356 701 414 POSTERIORE
727 357 946 413 suduculum!
970 356 1201 412 PHILOSOPHIO

116 518 119 531 '
239 511 388 598 debere,
413 509 620 583 intellectus
645 513 767 582 aulem
798 509 919 583 solum
950 533 1030 582 esse
1055 508 1180 582 muudi
1201 513 1236 581 et
1261 533 1383 582 rerum

238 636 436 710 essentiam
454 635 662 732 percipere.

285 759 389 847 Quod
413 759 442 831 si
467 759 554 832 licet
582 782 643 831 res
666 756 873 854 expeditius
894 781 1079 854 exponere
1100 757 1282 854 (ceterum
1310 782 1384 831 non

234 891 288 958 est
322 885 420 979 quod
457 882 516 956 hic
554 882 701 978 singula
730 906 885 978 quaeque
916 882 1053 955 diutius
1088 882 1380 977 persequamur),

235 1008 449 1105 Schellingii
478 1000 660 1105 posterior
687 1006 940 1104 philosophia,
969 1011 1151 1102 quatenus
1178 1006 1381 1102 hegelianec

237 1134 416 1207 doctrinae
439 1133 664 1219 adversatur,
689 1130 857 1227 opposita
882 1131 1063 1204 elementa
1092 1132 1128 1202 in
1150 1131 1270 1203 lucem
1301 1155 1385 1227 pro-

242 1258 323 1347 iert,
354 1257 485 1353 quibus
514 1261 657 1330 constet
678 1256 831 1351 quaestio
858 1280 972 1350 usque
1008 1255 1250 1350 explananda.
1287 1256 1385 1329 Num

243 1405 436 1478 possumus
458 1404 477 1453 e
497 1381 691 1453 dialectica
706 1380 927 1475 cogitatione
944 1404 1018 1469 res,
1036 1381 1161 1475 quales
1175 1379 1213 1452 in
1229 1404 1268 1453 se
1285 1388 1381 1467 sunt,

241 1505 446 1578 deducere?
465 1504 554 1576 Aliis
573 1505 706 1589 verbis,
726 1528 816 1577 num
837 1527 897 1576 res
908 1504 1002 1576 tales
1019 1508 1116 1594 sunt,
1134 1505 1262 1599 quales
1278 1504 1385 1577 intel-

240 1631 337 1703 lectu
353 1628 629 1727 percipiuntur‘.l
644 1628 712 1702 Sed
732 1633 874 1718 contra,
889 1627 919 1700 si
932 1652 990 1701 res
1006 1630 1051 1701 ab
1064 1628 1252 1701 intellectu
1265 1653 1387 1724 segre-

241 1779 317 1852 geS,
351 1754 537 1849 quomodo
566 1753 607 1824 lit
643 1758 683 1826 ut
716 1753 783 1826 sub
823 1753 1049 1826 intellectum
1081 1751 1225 1841 cadant,
1258 1760 1293 1826 et
1338 1756 1385 1826 ad

240 1880 339 1974 leges
362 1879 584 1973 formasque,
603 1901 692 1972 quas
718 1878 873 1950 scientia
896 1877 1060 1973 requirit,
1080 1902 1159 1950 sese
1181 1902 1387 1951 accommo-

243 2004 357 2077 dent‘l
373 2002 411 2075 Si
432 2003 561 2074 credas
581 2001 705 2075 omnia
726 2001 883 2092 ratione,
901 2002 1094 2075 dialectico
1111 2002 1257 2097 quidem
1278 2004 1386 2075 modo

244 2126 479 2226 procedente,
506 2126 606 2223 gigni
631 2150 749 2224 posse,
780 2151 873 2223 opus
903 2125 940 2198 id
970 2127 1132 2223 prolecto
1157 2126 1383 2222 aggrederis,

194 2291 197 2296 ·
244 2252 342 2348 quod
361 2251 398 2323 in
419 2275 457 2324 se
477 2251 558 2348 ipso
578 2252 672 2324 bene
689 2250 877 2324 ordinetur
897 2256 933 2323 et
953 2252 1137 2324 cohaereat
1158 2275 1166 2323 :
1191 2276 1277 2324 num
1301 2275 1387 2325 vero

244 2381 345 2451 cerlo
366 2375 436 2448 scis
459 2376 665 2448 intellectus
688 2382 726 2449 et
748 2399 873 2448 rerum
898 2373 1189 2470 adaequationem
1208 2375 1333 2448 stricte
1354 2381 1389 2448 et

245 2504 291 2574 ad
304 2506 507 2574 extremum
521 2524 630 2596 posse
644 2501 875 2573 continuari?
889 2499 965 2572 Nisi
982 2501 1241 2597 metaphysicae
1257 2502 1389 2573 audac-

244 2632 300 2698 ter
328 2630 364 2697 et
390 2630 565 2720 tanquam
591 2625 740 2697 credulo
765 2624 972 2720 indulgeas,
995 2648 1067 2697 non
1089 2624 1169 2697 lieri
1192 2630 1327 2721 potest,
1348 2630 1390 2697 ut

244 2750 437 2845 disciplina
461 2754 539 2822 tota
564 2754 599 2821 et
625 2749 766 2845 integra
791 2772 912 2820 rerum
938 2749 1214 2844 repraesentatio
1244 2774 1288 2822 ex
1310 2767 1389 2822 'uno

245 2872 426 2970 principio
451 2896 518 2969 per
544 2877 662 2944 artem
683 2896 827 2968 semper
852 2873 1018 2944 eamdem
1043 2874 1214 2968 pendeat.
1234 2873 1337 2961 Quod
1358 2874 1388 2946 si

246 2999 361 3094 magis
386 3002 495 3091 atque
519 2998 638 3092 magis
663 3001 763 3091 patet
785 2996 993 3092 singulares
1015 2997 1202 3086 scientias,
1226 2997 1390 3093 quamvis

244 3122 365 3217 aliquo
385 3145 485 3194 nexu
505 3121 735 3217 conjunctas,
752 3125 875 3193 tamen
899 3120 1177 3195 delinitionibus
1199 3127 1235 3194 et
1256 3122 1390 3219 princi-

168 3318 170 3321 .
244 3247 311 3343 piis
326 3244 485 3342 propriis
494 3244 641 3333 variari,
656 3243 835 3339 sequitur,
849 3244 1084 3318 utdiificilius
1095 3246 1140 3318 sit
1152 3247 1387 3333 contendere,

244 3372 424 3444 rationem
438 3370 544 3444 nobis
556 3369 592 3440 in
604 3372 779 3465 promptu
795 3392 888 3459 esse,
903 3394 984 3463 quae
996 3369 1118 3466 logico
1131 3375 1275 3443 tantum
1288 3376 1391 3444 motu

231 3495 369 3566 'omnia
386 3492 507 3583 edere,
530 3493 587 3566 vel
611 3492 730 3565 solum
751 3492 895 3588 assequi
918 3499 954 3566 et
974 3494 1141 3589 digerere
1163 3499 1285 3589 queat.
1307 3494 1393 3567 Ete-

247 3618 337 3707 nim,
367 3640 575 3712 quanquam
596 3617 641 3689 ad
664 3639 775 3689 unum
793 3615 959 3711 redigere
976 3620 1100 3690 omnia
1120 3619 1245 3715 gestit,
1267 3623 1394 3692 coacta

245 3747 299 3815 est
319 3741 425 3829 colio,
452 3747 488 3814 ut
508 3741 613 3837 quasi
629 3741 666 3812 in
687 3765 726 3813 se
747 3740 963 3814 discrimina
982 3745 1100 3816 multa
1115 3744 1341 3831 admitteret,
1358 3748 1394 3815 et

244 3866 281 3938 in
302 3865 520 3962 multiplicia
542 3891 580 3938 se
601 3865 815 3944 deduceret:
840 3866 925 3939 inde
952 3870 1084 3957 oritur,
1108 3873 1147 3940 ut
1174 3892 1250 3941 non
1266 3867 1394 3940 verisi-

245 3990 331 4064 mile
347 3990 394 4064 sit
406 3989 505 4062 illam
518 3995 650 4085 sponte
660 4014 732 4079 ree,
747 3990 873 4085 quales
886 3999 981 4081 sunt,
995 3992 1153 4088 possein
1165 4017 1203 4064 se
1219 4016 1276 4064 am
1282 3993 1391 4088 plecti

246 4121 282 4188 et
313 4114 551 4211 conglobare.
583 4114 673 4185 Cum
708 4137 834 4186 secum
866 4138 941 4187 non
976 4115 1161 4213 extemplo
1192 4117 1391 4205 coalescat,

247 4240 432 4335 quomodo
454 4237 569 4334 possit
591 4238 816 4310 contendere
842 4240 879 4310 in
901 4264 939 4312 se
960 4263 1080 4314 rerum
1099 4240 1390 4327 universitatem,

248 4363 469 4438 concordem
494 4367 531 4435 et
556 4383 679 4448 unam,
710 4360 880 4434 conlundi
903 4364 960 4436 vel
975 4365 1130 4437 resolvi‘.l
1150 4363 1219 4451 oui
1244 4370 1393 4438 vocatur
