<?xml version="1.0" encoding="UTF-8"?>
<!DOCTYPE html PUBLIC "-//W3C//DTD XHTML 1.0 Transitional//EN"
    "http://www.w3.org/TR/xhtml1/DTD/xhtml1-transitional.dtd">
<html xmlns="http://www.w3.org/1999/xhtml" xml:lang="en" lang="en">
 <head>
  <title>
</title>
<meta http-equiv="Content-Type" content="text/html;charset=utf-8" />
  <meta name='ocr-system' content='tesseract 3.04.00' />
  <meta name='ocr-capabilities' content='ocr_page ocr_carea ocr_par ocr_line ocrx_word'/>
</head>
<body>
  <div class='ocr_page' id='page_1' title='image "./deposterioresch00delbgoog_0047.png"; bbox 0 0 3198 5056; ppageno 0'>
   <div class='ocr_carea' id='block_1_1' title="bbox 256 313 1219 374">
    <p class='ocr_par' dir='ltr' id='par_1_1' title="bbox 256 313 1219 374">
     <span class='ocr_line' id='line_1_1' title="bbox 256 313 1219 374; baseline -0.009 0"><span class='ocrx_word' id='word_1_1' title='bbox 256 322 289 374; x_wconf 76' lang='lat'>32</span> <span class='ocrx_word' id='word_1_2' title='bbox 437 318 483 372; x_wconf 86' lang='lat' dir='ltr'>DE</span> <span class='ocrx_word' id='word_1_3' title='bbox 502 315 722 372; x_wconf 81' lang='lat' dir='ltr'>POS&#39;l&#39;ElllOllE</span> <span class='ocrx_word' id='word_1_4' title='bbox 743 314 961 368; x_wconf 82' lang='lat' dir='ltr'>SCHELLINGil</span> <span class='ocrx_word' id='word_1_5' title='bbox 981 313 1219 368; x_wconf 66' lang='lat' dir='ltr'>ebriosorum</span> 
     </span>
    </p>
   </div>
   <div class='ocr_carea' id='block_1_2' title="bbox 260 456 1411 3671">
    <p class='ocr_par' dir='ltr' id='par_1_2' title="bbox 260 456 1408 1309">
     <span class='ocr_line' id='line_1_2' title="bbox 260 456 1403 561; baseline -0.008 -17"><span class='ocrx_word' id='word_1_6' title='bbox 260 479 333 544; x_wconf 86' lang='lat' dir='ltr'>tem</span> <span class='ocrx_word' id='word_1_7' title='bbox 359 456 572 543; x_wconf 86' lang='lat' dir='ltr'>audiebant.</span> <span class='ocrx_word' id='word_1_8' title='bbox 605 470 644 540; x_wconf 92' lang='lat' dir='ltr'>ln</span> <span class='ocrx_word' id='word_1_9' title='bbox 671 491 713 540; x_wconf 91' lang='lat' dir='ltr'>ea</span> <span class='ocrx_word' id='word_1_10' title='bbox 737 468 921 552; x_wconf 85' lang='lat' dir='ltr'>oratione,</span> <span class='ocrx_word' id='word_1_11' title='bbox 944 489 1056 560; x_wconf 90' lang='lat' dir='ltr'>quam</span> <span class='ocrx_word' id='word_1_12' title='bbox 1073 464 1242 561; x_wconf 82' lang='lat' dir='ltr'>primam,</span> <span class='ocrx_word' id='word_1_13' title='bbox 1261 465 1403 536; x_wconf 87' lang='lat' dir='ltr'>exordii</span> 
     </span>
     <span class='ocr_line' id='line_1_3' title="bbox 261 588 1405 686; baseline -0.007 -18"><span class='ocrx_word' id='word_1_14' title='bbox 261 619 386 683; x_wconf 87' lang='lat' dir='ltr'>causa,</span> <span class='ocrx_word' id='word_1_15' title='bbox 409 592 549 676; x_wconf 91' lang='lat' dir='ltr'>habuit,</span> <span class='ocrx_word' id='word_1_16' title='bbox 573 591 730 686; x_wconf 83' lang='lat' dir='ltr'>obliquis</span> <span class='ocrx_word' id='word_1_17' title='bbox 754 590 901 663; x_wconf 83' lang='lat' dir='ltr'>vocibus</span> <span class='ocrx_word' id='word_1_18' title='bbox 923 589 1168 686; x_wconf 82' lang='lat' dir='ltr'>Schellingius</span> <span class='ocrx_word' id='word_1_19' title='bbox 1191 588 1405 686; x_wconf 87' lang='lat' dir='ltr'>disciplinas</span> 
     </span>
     <span class='ocr_line' id='line_1_4' title="bbox 261 715 1408 814; baseline -0.006 -23"><span class='ocrx_word' id='word_1_20' title='bbox 261 720 339 792; x_wconf 89' lang='lat' dir='ltr'>illas</span> <span class='ocrx_word' id='word_1_21' title='bbox 359 717 462 814; x_wconf 81' lang='lat' dir='ltr'>quasi</span> <span class='ocrx_word' id='word_1_22' title='bbox 487 715 684 812; x_wconf 79' lang='lat' dir='ltr'>praeclusas</span> <span class='ocrx_word' id='word_1_23' title='bbox 705 721 739 788; x_wconf 90' lang='lat' dir='ltr'>et</span> <span class='ocrx_word' id='word_1_24' title='bbox 763 716 903 787; x_wconf 86' lang='lat' dir='ltr'>inertes</span> <span class='ocrx_word' id='word_1_25' title='bbox 923 719 1123 810; x_wconf 77' lang='lat' dir='ltr'>carpserat,</span> <span class='ocrx_word' id='word_1_26' title='bbox 1150 738 1230 809; x_wconf 78' lang='lat' dir='ltr'>quae</span> <span class='ocrx_word' id='word_1_27' title='bbox 1256 736 1408 809; x_wconf 73' lang='lat' dir='ltr'>progre-</span> 
     </span>
     <span class='ocr_line' id='line_1_5' title="bbox 262 839 1407 937; baseline -0.005 -22"><span class='ocrx_word' id='word_1_28' title='bbox 262 844 374 915; x_wconf 90' lang='lat' dir='ltr'>dienti</span> <span class='ocrx_word' id='word_1_29' title='bbox 401 841 614 937; x_wconf 85' lang='lat' dir='ltr'>cogitationi</span> <span class='ocrx_word' id='word_1_30' title='bbox 640 840 830 927; x_wconf 81' lang='lat' dir='ltr'>obstent¹3</span> <span class='ocrx_word' id='word_1_31' title='bbox 856 839 1001 926; x_wconf 91' lang='lat' dir='ltr'>deinde,</span> <span class='ocrx_word' id='word_1_32' title='bbox 1024 843 1216 933; x_wconf 82' lang='lat' dir='ltr'>postquam</span> <span class='ocrx_word' id='word_1_33' title='bbox 1243 860 1407 910; x_wconf 88' lang='lat' dir='ltr'>comme·</span> 
     </span>
     <span class='ocr_line' id='line_1_6' title="bbox 262 960 1404 1061; baseline -0.005 -22"><span class='ocrx_word' id='word_1_34' title='bbox 262 972 480 1055; x_wconf 87' lang='lat' dir='ltr'>moraverat,</span> <span class='ocrx_word' id='word_1_35' title='bbox 523 971 701 1061; x_wconf 88' lang='lat' dir='ltr'>quantum</span> <span class='ocrx_word' id='word_1_36' title='bbox 730 987 796 1036; x_wconf 88' lang='lat' dir='ltr'>sua</span> <span class='ocrx_word' id='word_1_37' title='bbox 826 963 926 1058; x_wconf 90' lang='lat' dir='ltr'>prior</span> <span class='ocrx_word' id='word_1_38' title='bbox 954 960 1191 1058; x_wconf 82' lang='lat' dir='ltr'>philosophia</span> <span class='ocrx_word' id='word_1_39' title='bbox 1220 961 1404 1047; x_wconf 85' lang='lat' dir='ltr'>valuisset,</span> 
     </span>
     <span class='ocr_line' id='line_1_7' title="bbox 263 1086 1404 1183; baseline -0.004 -19"><span class='ocrx_word' id='word_1_40' title='bbox 263 1116 368 1166; x_wconf 88' lang='lat' dir='ltr'>suum</span> <span class='ocrx_word' id='word_1_41' title='bbox 391 1114 490 1164; x_wconf 93' lang='lat' dir='ltr'>nunc</span> <span class='ocrx_word' id='word_1_42' title='bbox 511 1113 645 1162; x_wconf 86' lang='lat' dir='ltr'>munus</span> <span class='ocrx_word' id='word_1_43' title='bbox 661 1112 739 1161; x_wconf 89' lang='lat' dir='ltr'>esse</span> <span class='ocrx_word' id='word_1_44' title='bbox 763 1088 1018 1183; x_wconf 83' lang='lat' dir='ltr'>profitebatur,</span> <span class='ocrx_word' id='word_1_45' title='bbox 1037 1110 1116 1159; x_wconf 90' lang='lat' dir='ltr'>eam</span> <span class='ocrx_word' id='word_1_46' title='bbox 1132 1086 1181 1158; x_wconf 91' lang='lat' dir='ltr'>ita</span> <span class='ocrx_word' id='word_1_47' title='bbox 1201 1087 1404 1174; x_wconf 87' lang='lat' dir='ltr'>absolvere,</span> 
     </span>
     <span class='ocr_line' id='line_1_8' title="bbox 264 1211 1055 1309; baseline -0.008 -21"><span class='ocrx_word' id='word_1_48' title='bbox 264 1222 304 1289; x_wconf 93' lang='lat' dir='ltr'>ut</span> <span class='ocrx_word' id='word_1_49' title='bbox 319 1240 411 1288; x_wconf 86' lang='lat' dir='ltr'>nova</span> <span class='ocrx_word' id='word_1_50' title='bbox 431 1214 612 1309; x_wconf 83' lang='lat' dir='ltr'>altiorque</span> <span class='ocrx_word' id='word_1_51' title='bbox 633 1211 829 1307; x_wconf 83' lang='lat' dir='ltr'>disciplina</span> <span class='ocrx_word' id='word_1_52' title='bbox 844 1216 1016 1308; x_wconf 82' lang='lat' dir='ltr'>exsurgat</span> <span class='ocrx_word' id='word_1_53' title='bbox 1032 1212 1055 1281; x_wconf 76' lang='lat'>².</span> 
     </span>
    </p>

    <p class='ocr_par' dir='ltr' id='par_1_3' title="bbox 264 1334 1410 2050">
     <span class='ocr_line' id='line_1_9' title="bbox 313 1334 1408 1432; baseline -0.005 -21"><span class='ocrx_word' id='word_1_54' title='bbox 313 1340 406 1426; x_wconf 78' lang='lat' dir='ltr'>Quid</span> <span class='ocrx_word' id='word_1_55' title='bbox 437 1344 556 1411; x_wconf 90' lang='lat' dir='ltr'>autem</span> <span class='ocrx_word' id='word_1_56' title='bbox 587 1336 743 1409; x_wconf 85' lang='lat' dir='ltr'>maxime</span> <span class='ocrx_word' id='word_1_57' title='bbox 768 1335 887 1409; x_wconf 90' lang='lat' dir='ltr'>inerat</span> <span class='ocrx_word' id='word_1_58' title='bbox 911 1334 1114 1432; x_wconf 71' lang='lat' dir='ltr'>disciplina</span> <span class='ocrx_word' id='word_1_59' title='bbox 1140 1335 1205 1426; x_wconf 89' lang='lat' dir='ltr'>illi,</span> <span class='ocrx_word' id='word_1_60' title='bbox 1228 1360 1310 1430; x_wconf 74' lang='lat' dir='ltr'>quae</span> <span class='ocrx_word' id='word_1_61' title='bbox 1332 1343 1408 1408; x_wconf 90' lang='lat' dir='ltr'>lan-</span> 
     </span>
     <span class='ocr_line' id='line_1_10' title="bbox 264 1461 1408 1555; baseline -0.004 -19"><span class='ocrx_word' id='word_1_62' title='bbox 264 1465 453 1538; x_wconf 88' lang='lat' dir='ltr'>tummodo</span> <span class='ocrx_word' id='word_1_63' title='bbox 469 1461 716 1553; x_wconf 83' lang='lat' dir='ltr'>audientibus,</span> <span class='ocrx_word' id='word_1_64' title='bbox 730 1484 805 1533; x_wconf 94' lang='lat' dir='ltr'>non</span> <span class='ocrx_word' id='word_1_65' title='bbox 821 1461 1027 1555; x_wconf 84' lang='lat' dir='ltr'>legentibus</span> <span class='ocrx_word' id='word_1_66' title='bbox 1043 1461 1269 1549; x_wconf 83' lang='lat' dir='ltr'>tradebatur,</span> <span class='ocrx_word' id='word_1_67' title='bbox 1288 1484 1408 1555; x_wconf 90' lang='lat' dir='ltr'>neque</span> 
     </span>
     <span class='ocr_line' id='line_1_11' title="bbox 265 1584 1410 1685; baseline -0.005 -24"><span class='ocrx_word' id='word_1_68' title='bbox 265 1612 330 1685; x_wconf 93' lang='lat' dir='ltr'>per</span> <span class='ocrx_word' id='word_1_69' title='bbox 350 1588 480 1676; x_wconf 89' lang='lat' dir='ltr'>libros,</span> <span class='ocrx_word' id='word_1_70' title='bbox 499 1586 603 1682; x_wconf 86' lang='lat' dir='ltr'>quasi</span> <span class='ocrx_word' id='word_1_71' title='bbox 623 1585 744 1659; x_wconf 89' lang='lat' dir='ltr'>lucem</span> <span class='ocrx_word' id='word_1_72' title='bbox 758 1585 884 1673; x_wconf 85' lang='lat' dir='ltr'>verita,</span> <span class='ocrx_word' id='word_1_73' title='bbox 903 1584 1148 1680; x_wconf 72' lang='lat' dir='ltr'>vulgabatur?</span> <span class='ocrx_word' id='word_1_74' title='bbox 1164 1584 1273 1681; x_wconf 86' lang='lat' dir='ltr'>Cujus</span> <span class='ocrx_word' id='word_1_75' title='bbox 1293 1609 1311 1656; x_wconf 94' lang='lat' dir='ltr'>e</span> <span class='ocrx_word' id='word_1_76' title='bbox 1331 1586 1410 1657; x_wconf 92' lang='lat' dir='ltr'>lon·</span> 
     </span>
     <span class='ocr_line' id='line_1_12' title="bbox 266 1708 1410 1808; baseline -0.004 -24"><span class='ocrx_word' id='word_1_77' title='bbox 266 1713 400 1808; x_wconf 80' lang='lat' dir='ltr'>ginquo</span> <span class='ocrx_word' id='word_1_78' title='bbox 429 1711 538 1808; x_wconf 90' lang='lat' dir='ltr'>paulo</span> <span class='ocrx_word' id='word_1_79' title='bbox 561 1711 679 1807; x_wconf 87' lang='lat' dir='ltr'>major</span> <span class='ocrx_word' id='word_1_80' title='bbox 702 1709 835 1782; x_wconf 84' lang='lat' dir='ltr'>nolitia</span> <span class='ocrx_word' id='word_1_81' title='bbox 858 1709 1025 1804; x_wconf 82' lang='lat' dir='ltr'>contigit,</span> <span class='ocrx_word' id='word_1_82' title='bbox 1052 1733 1133 1780; x_wconf 89' lang='lat' dir='ltr'>eum</span> <span class='ocrx_word' id='word_1_83' title='bbox 1158 1708 1276 1781; x_wconf 87' lang='lat' dir='ltr'>Julius</span> <span class='ocrx_word' id='word_1_84' title='bbox 1303 1709 1410 1781; x_wconf 85' lang='lat' dir='ltr'>Stab-</span> 
     </span>
     <span class='ocr_line' id='line_1_13' title="bbox 267 1832 1410 1930; baseline -0.003 -22"><span class='ocrx_word' id='word_1_85' title='bbox 267 1838 336 1909; x_wconf 89' lang='lat' dir='ltr'>lius</span> <span class='ocrx_word' id='word_1_86' title='bbox 350 1837 482 1908; x_wconf 89' lang='lat' dir='ltr'>librum</span> <span class='ocrx_word' id='word_1_87' title='bbox 499 1834 613 1908; x_wconf 90' lang='lat' dir='ltr'>edidit</span> <span class='ocrx_word' id='word_1_88' title='bbox 632 1859 639 1906; x_wconf 93' lang='lat'>:</span> <span class='ocrx_word' id='word_1_89' title='bbox 661 1834 884 1929; x_wconf 77' lang='lat' dir='ltr'>Philosopbie</span> <span class='ocrx_word' id='word_1_90' title='bbox 900 1832 961 1904; x_wconf 83' lang='lat' dir='ltr'>der</span> <span class='ocrx_word' id='word_1_91' title='bbox 972 1833 1102 1905; x_wconf 77' lang='lat' dir='ltr'>Rechts</span> <span class='ocrx_word' id='word_1_92' title='bbox 1118 1834 1206 1905; x_wconf 71' lang='lat' dir='ltr'>ezech</span> <span class='ocrx_word' id='word_1_93' title='bbox 1217 1834 1410 1930; x_wconf 71' lang='lat' dir='ltr'>perelich!-</span> 
     </span>
     <span class='ocr_line' id='line_1_14' title="bbox 267 1958 691 2050; baseline 0 -19"><span class='ocrx_word' id='word_1_94' title='bbox 267 1961 373 2033; x_wconf 80' lang='lat' dir='ltr'>ltcbcr</span> <span class='ocrx_word' id='word_1_95' title='bbox 390 1960 539 2033; x_wconf 79' lang='lat' dir='ltr'>Ansiclzt</span> <span class='ocrx_word' id='word_1_96' title='bbox 555 1958 691 2050; x_wconf 78' lang='lat'>(1830).</span> 
     </span>
    </p>

    <p class='ocr_par' dir='ltr' id='par_1_4' title="bbox 262 2081 1411 3671">
     <span class='ocr_line' id='line_1_15' title="bbox 316 2081 1408 2176; baseline -0.001 -21"><span class='ocrx_word' id='word_1_97' title='bbox 316 2086 355 2156; x_wconf 94' lang='lat' dir='ltr'>ln</span> <span class='ocrx_word' id='word_1_98' title='bbox 383 2083 453 2158; x_wconf 90' lang='lat' dir='ltr'>hoc</span> <span class='ocrx_word' id='word_1_99' title='bbox 473 2084 568 2156; x_wconf 91' lang='lat' dir='ltr'>libro</span> <span class='ocrx_word' id='word_1_100' title='bbox 590 2081 788 2154; x_wconf 87' lang='lat' dir='ltr'>admodum</span> <span class='ocrx_word' id='word_1_101' title='bbox 806 2081 1046 2176; x_wconf 91' lang='lat' dir='ltr'>comprabata</span> <span class='ocrx_word' id='word_1_102' title='bbox 1065 2088 1168 2154; x_wconf 86' lang='lat' dir='ltr'>erant</span> <span class='ocrx_word' id='word_1_103' title='bbox 1184 2105 1240 2167; x_wconf 90' lang='lat' dir='ltr'>ea,</span> <span class='ocrx_word' id='word_1_104' title='bbox 1259 2106 1339 2176; x_wconf 72' lang='lat' dir='ltr'>quae</span> <span class='ocrx_word' id='word_1_105' title='bbox 1362 2085 1408 2155; x_wconf 89' lang='lat' dir='ltr'>ad</span> 
     </span>
     <span class='ocr_line' id='line_1_16' title="bbox 266 2206 1407 2302; baseline -0.001 -20"><span class='ocrx_word' id='word_1_106' title='bbox 266 2210 532 2282; x_wconf 89' lang='lat' dir='ltr'>restituendum</span> <span class='ocrx_word' id='word_1_107' title='bbox 551 2206 743 2302; x_wconf 86' lang='lat' dir='ltr'>pristinum</span> <span class='ocrx_word' id='word_1_108' title='bbox 765 2228 889 2278; x_wconf 90' lang='lat' dir='ltr'>rerum</span> <span class='ocrx_word' id='word_1_109' title='bbox 914 2211 1050 2278; x_wconf 89' lang='lat' dir='ltr'>statum</span> <span class='ocrx_word' id='word_1_110' title='bbox 1071 2209 1301 2301; x_wconf 83' lang='lat' dir='ltr'>spectabant3</span> <span class='ocrx_word' id='word_1_111' title='bbox 1322 2207 1407 2280; x_wconf 91' lang='lat' dir='ltr'>ilem</span> 
     </span>
     <span class='ocr_line' id='line_1_17' title="bbox 266 2329 1410 2428; baseline -0.003 -22"><span class='ocrx_word' id='word_1_112' title='bbox 266 2359 285 2406; x_wconf 94' lang='lat' dir='ltr'>e</span> <span class='ocrx_word' id='word_1_113' title='bbox 303 2333 519 2405; x_wconf 85' lang='lat' dir='ltr'>revelatione</span> <span class='ocrx_word' id='word_1_114' title='bbox 546 2331 670 2404; x_wconf 86' lang='lat' dir='ltr'>omnia</span> <span class='ocrx_word' id='word_1_115' title='bbox 689 2331 787 2428; x_wconf 84' lang='lat' dir='ltr'>juris</span> <span class='ocrx_word' id='word_1_116' title='bbox 811 2329 993 2425; x_wconf 89' lang='lat' dir='ltr'>principia</span> <span class='ocrx_word' id='word_1_117' title='bbox 1010 2332 1287 2425; x_wconf 87' lang='lat' dir='ltr'>repetebantur;</span> <span class='ocrx_word' id='word_1_118' title='bbox 1307 2335 1410 2405; x_wconf 89' lang='lat' dir='ltr'>deni-</span> 
     </span>
     <span class='ocr_line' id='line_1_18' title="bbox 266 2453 1410 2553; baseline 0 -23"><span class='ocrx_word' id='word_1_119' title='bbox 266 2483 336 2553; x_wconf 93' lang='lat' dir='ltr'>que</span> <span class='ocrx_word' id='word_1_120' title='bbox 361 2456 589 2529; x_wconf 80' lang='lat' dir='ltr'>referebatur</span> <span class='ocrx_word' id='word_1_121' title='bbox 619 2456 812 2550; x_wconf 87' lang='lat' dir='ltr'>Hegelium</span> <span class='ocrx_word' id='word_1_122' title='bbox 837 2453 984 2549; x_wconf 88' lang='lat' dir='ltr'>quidem</span> <span class='ocrx_word' id='word_1_123' title='bbox 1010 2453 1047 2525; x_wconf 92' lang='lat' dir='ltr'>in</span> <span class='ocrx_word' id='word_1_124' title='bbox 1063 2453 1147 2535; x_wconf 76' lang='lat' dir='ltr'>‚hac</span> <span class='ocrx_word' id='word_1_125' title='bbox 1179 2455 1410 2553; x_wconf 87' lang='lat' dir='ltr'>philosophia</span> 
     </span>
     <span class='ocr_line' id='line_1_19' title="bbox 265 2580 1408 2674; baseline -0.001 -21"><span class='ocrx_word' id='word_1_126' title='bbox 265 2585 504 2654; x_wconf 89' lang='lat' dir='ltr'>immoratum</span> <span class='ocrx_word' id='word_1_127' title='bbox 537 2580 658 2662; x_wconf 86' lang='lat' dir='ltr'>luisse,</span> <span class='ocrx_word' id='word_1_128' title='bbox 696 2581 899 2652; x_wconf 90' lang='lat' dir='ltr'>secundum</span> <span class='ocrx_word' id='word_1_129' title='bbox 930 2602 1040 2674; x_wconf 88' lang='lat' dir='ltr'>quam</span> <span class='ocrx_word' id='word_1_130' title='bbox 1071 2581 1163 2652; x_wconf 86' lang='lat' dir='ltr'>ratio</span> <span class='ocrx_word' id='word_1_131' title='bbox 1194 2581 1408 2655; x_wconf 82' lang='lat' dir='ltr'>universalis</span> 
     </span>
     <span class='ocr_line' id='line_1_20' title="bbox 264 2703 1408 2799; baseline -0.001 -21"><span class='ocrx_word' id='word_1_132' title='bbox 264 2707 482 2779; x_wconf 86' lang='lat' dir='ltr'>necessitate</span> <span class='ocrx_word' id='word_1_133' title='bbox 512 2706 672 2799; x_wconf 89' lang='lat' dir='ltr'>quadam</span> <span class='ocrx_word' id='word_1_134' title='bbox 702 2703 739 2774; x_wconf 95' lang='lat' dir='ltr'>in</span> <span class='ocrx_word' id='word_1_135' title='bbox 765 2703 954 2775; x_wconf 89' lang='lat' dir='ltr'>individua</span> <span class='ocrx_word' id='word_1_136' title='bbox 984 2710 1163 2793; x_wconf 87' lang='lat' dir='ltr'>transeat,</span> <span class='ocrx_word' id='word_1_137' title='bbox 1191 2706 1408 2780; x_wconf 85' lang='lat' dir='ltr'>Absolutum</span> 
     </span>
     <span class='ocr_line' id='line_1_21' title="bbox 265 2827 1411 2925; baseline 0.002 -23"><span class='ocrx_word' id='word_1_138' title='bbox 265 2837 388 2903; x_wconf 88' lang='lat' dir='ltr'>autem</span> <span class='ocrx_word' id='word_1_139' title='bbox 414 2830 450 2900; x_wconf 92' lang='lat' dir='ltr'>in</span> <span class='ocrx_word' id='word_1_140' title='bbox 474 2828 625 2902; x_wconf 89' lang='lat' dir='ltr'>homine</span> <span class='ocrx_word' id='word_1_141' title='bbox 653 2829 707 2901; x_wconf 91' lang='lat' dir='ltr'>sui</span> <span class='ocrx_word' id='word_1_142' title='bbox 731 2829 921 2900; x_wconf 86' lang='lat' dir='ltr'>conscium</span> <span class='ocrx_word' id='word_1_143' title='bbox 947 2828 1023 2917; x_wconf 82' lang='lat' dir='ltr'>liat,</span> <span class='ocrx_word' id='word_1_144' title='bbox 1042 2827 1303 2925; x_wconf 83' lang='lat' dir='ltr'>Schellingium</span> <span class='ocrx_word' id='word_1_145' title='bbox 1326 2856 1411 2904; x_wconf 91' lang='lat' dir='ltr'>con-</span> 
     </span>
     <span class='ocr_line' id='line_1_22' title="bbox 267 2952 1409 3052; baseline -0.001 -24"><span class='ocrx_word' id='word_1_146' title='bbox 267 2962 339 3039; x_wconf 88' lang='lat' dir='ltr'>tra,</span> <span class='ocrx_word' id='word_1_147' title='bbox 360 2956 436 3052; x_wconf 88' lang='lat' dir='ltr'>jam</span> <span class='ocrx_word' id='word_1_148' title='bbox 466 2955 565 3027; x_wconf 92' lang='lat' dir='ltr'>ultra</span> <span class='ocrx_word' id='word_1_149' title='bbox 591 2952 700 3047; x_wconf 84' lang='lat' dir='ltr'>hujus</span> <span class='ocrx_word' id='word_1_150' title='bbox 734 2953 833 3023; x_wconf 77' lang='lat' dir='ltr'>rrrodi</span> <span class='ocrx_word' id='word_1_151' title='bbox 862 2952 1133 3048; x_wconf 86' lang='lat' dir='ltr'>philosophiam</span> <span class='ocrx_word' id='word_1_152' title='bbox 1162 2979 1409 3050; x_wconf 84' lang='lat' dir='ltr'>progressum,</span> 
     </span>
     <span class='ocr_line' id='line_1_23' title="bbox 266 3077 1408 3175; baseline 0 -23"><span class='ocrx_word' id='word_1_153' title='bbox 266 3079 419 3152; x_wconf 85' lang='lat' dir='ltr'>alteram</span> <span class='ocrx_word' id='word_1_154' title='bbox 442 3077 663 3161; x_wconf 84' lang='lat' dir='ltr'>condidisse,</span> <span class='ocrx_word' id='word_1_155' title='bbox 690 3100 761 3172; x_wconf 89' lang='lat' dir='ltr'>quo</span> <span class='ocrx_word' id='word_1_156' title='bbox 777 3100 904 3149; x_wconf 88' lang='lat' dir='ltr'>rerum</span> <span class='ocrx_word' id='word_1_157' title='bbox 925 3078 1148 3157; x_wconf 82' lang='lat' dir='ltr'>necessitati,</span> <span class='ocrx_word' id='word_1_158' title='bbox 1161 3079 1244 3175; x_wconf 84' lang='lat' dir='ltr'>jure</span> <span class='ocrx_word' id='word_1_159' title='bbox 1261 3080 1408 3174; x_wconf 90' lang='lat' dir='ltr'>quidem</span> 
     </span>
     <span class='ocr_line' id='line_1_24' title="bbox 266 3200 1411 3300; baseline 0 -24"><span class='ocrx_word' id='word_1_160' title='bbox 266 3210 441 3299; x_wconf 76' lang='lat' dir='ltr'>accepta,</span> <span class='ocrx_word' id='word_1_161' title='bbox 465 3204 628 3288; x_wconf 87' lang='lat' dir='ltr'>libertas,</span> <span class='ocrx_word' id='word_1_162' title='bbox 653 3207 690 3274; x_wconf 89' lang='lat' dir='ltr'>et</span> <span class='ocrx_word' id='word_1_163' title='bbox 709 3200 831 3273; x_wconf 87' lang='lat' dir='ltr'>divina</span> <span class='ocrx_word' id='word_1_164' title='bbox 853 3203 947 3274; x_wconf 88' lang='lat' dir='ltr'>actio</span> <span class='ocrx_word' id='word_1_165' title='bbox 969 3202 1269 3298; x_wconf 88' lang='lat' dir='ltr'>providentiaque</span> <span class='ocrx_word' id='word_1_166' title='bbox 1285 3229 1411 3300; x_wconf 90' lang='lat' dir='ltr'>super-</span> 
     </span>
     <span class='ocr_line' id='line_1_25' title="bbox 262 3325 1410 3423; baseline 0.001 -24"><span class='ocrx_word' id='word_1_167' title='bbox 262 3330 553 3423; x_wconf 75' lang='lat' dir='ltr'>&#39;imponerentur</span> <span class='ocrx_word' id='word_1_168' title='bbox 587 3327 690 3399; x_wconf 92' lang='lat' dir='ltr'>Unde</span> <span class='ocrx_word' id='word_1_169' title='bbox 722 3350 787 3421; x_wconf 90' lang='lat' dir='ltr'>pro</span> <span class='ocrx_word' id='word_1_170' title='bbox 812 3350 898 3400; x_wconf 91' lang='lat' dir='ltr'>vero</span> <span class='ocrx_word' id='word_1_171' title='bbox 919 3325 1017 3422; x_wconf 89' lang='lat' dir='ltr'>apud</span> <span class='ocrx_word' id='word_1_172' title='bbox 1040 3326 1177 3399; x_wconf 86' lang='lat' dir='ltr'>multos</span> <span class='ocrx_word' id='word_1_173' title='bbox 1202 3329 1410 3402; x_wconf 85' lang='lat' dir='ltr'>habebatur</span> 
     </span>
     <span class='ocr_line' id='line_1_26' title="bbox 268 3448 1407 3548; baseline 0 -23"><span class='ocrx_word' id='word_1_174' title='bbox 268 3451 448 3525; x_wconf 85' lang='lat' dir='ltr'>Stahliurn</span> <span class='ocrx_word' id='word_1_175' title='bbox 461 3448 733 3545; x_wconf 78' lang='lat' dir='ltr'>schellingianae</span> <span class='ocrx_word' id='word_1_176' title='bbox 750 3448 989 3545; x_wconf 72' lang='lat' dir='ltr'>philosophia</span> <span class='ocrx_word' id='word_1_177' title='bbox 1005 3451 1188 3523; x_wconf 89' lang='lat' dir='ltr'>rationem</span> <span class='ocrx_word' id='word_1_178' title='bbox 1204 3454 1407 3548; x_wconf 89' lang='lat' dir='ltr'>aperuisse.</span> 
     </span>
     <span class='ocr_line' id='line_1_27' title="bbox 267 3572 1410 3671; baseline 0.003 -25"><span class='ocrx_word' id='word_1_179' title='bbox 267 3576 347 3646; x_wconf 89' lang='lat' dir='ltr'>Non</span> <span class='ocrx_word' id='word_1_180' title='bbox 373 3580 491 3646; x_wconf 90' lang='lat' dir='ltr'>tamen</span> <span class='ocrx_word' id='word_1_181' title='bbox 519 3573 607 3644; x_wconf 91' lang='lat' dir='ltr'>illud</span> <span class='ocrx_word' id='word_1_182' title='bbox 632 3572 849 3659; x_wconf 82' lang='lat' dir='ltr'>sufficiebat,</span> <span class='ocrx_word' id='word_1_183' title='bbox 875 3572 1019 3646; x_wconf 88' lang='lat' dir='ltr'>utuihil</span> <span class='ocrx_word' id='word_1_184' title='bbox 1044 3575 1201 3671; x_wconf 88' lang='lat' dir='ltr'>amplius</span> <span class='ocrx_word' id='word_1_185' title='bbox 1222 3577 1410 3650; x_wconf 86' lang='lat' dir='ltr'>desidera-</span> 
     </span>
    </p>
   </div>
   <div class='ocr_carea' id='block_1_3' title="bbox 267 3694 1521 3792">
    <p class='ocr_par' dir='ltr' id='par_1_5' title="bbox 267 3694 1521 3792">
     <span class='ocr_line' id='line_1_28' title="bbox 267 3694 1521 3792; baseline 0.008 -23"><span class='ocrx_word' id='word_1_186' title='bbox 267 3704 349 3770; x_wconf 88' lang='lat' dir='ltr'>rent</span> <span class='ocrx_word' id='word_1_187' title='bbox 384 3696 422 3787; x_wconf 91' lang='lat' dir='ltr'>ii,</span> <span class='ocrx_word' id='word_1_188' title='bbox 454 3695 641 3792; x_wconf 65' lang='lat' dir='ltr'>quiquid</span> <span class='ocrx_word' id='word_1_189' title='bbox 671 3696 749 3790; x_wconf 90' lang='lat' dir='ltr'>ipse</span> <span class='ocrx_word' id='word_1_190' title='bbox 776 3694 1022 3791; x_wconf 72' lang='lat' dir='ltr'>schellingius</span> <span class='ocrx_word' id='word_1_191' title='bbox 1051 3701 1216 3789; x_wconf 90' lang='lat' dir='ltr'>sentiret,</span> <span class='ocrx_word' id='word_1_192' title='bbox 1245 3703 1408 3775; x_wconf 87' lang='lat' dir='ltr'>discendi</span> <span class='ocrx_word' id='word_1_193' title='bbox 1516 3774 1521 3781; x_wconf 83' lang='lat'>.</span> 
     </span>
    </p>
   </div>
   <div class='ocr_carea' id='block_1_4' title="bbox 268 3820 1405 4048">
    <p class='ocr_par' dir='ltr' id='par_1_6' title="bbox 268 3820 1405 4048">
     <span class='ocr_line' id='line_1_29' title="bbox 268 3820 572 3917; baseline -0.01 -22"><span class='ocrx_word' id='word_1_194' title='bbox 268 3820 392 3917; x_wconf 88' lang='lat' dir='ltr'>cupidi</span> <span class='ocrx_word' id='word_1_195' title='bbox 409 3826 532 3893; x_wconf 91' lang='lat' dir='ltr'>essent</span> <span class='ocrx_word' id='word_1_196' title='bbox 548 3822 572 3891; x_wconf 80' lang='lat'>⁸.</span> 
     </span>
     <span class='ocr_line' id='line_1_30' title="bbox 318 3942 1405 4048; baseline 0.006 -30"><span class='ocrx_word' id='word_1_197' title='bbox 318 3948 367 4018; x_wconf 80' lang='lat' dir='ltr'>lle</span> <span class='ocrx_word' id='word_1_198' title='bbox 391 3943 461 4032; x_wconf 91' lang='lat' dir='ltr'>his,</span> <span class='ocrx_word' id='word_1_199' title='bbox 487 3951 525 4017; x_wconf 93' lang='lat' dir='ltr'>ut</span> <span class='ocrx_word' id='word_1_200' title='bbox 548 3942 721 4031; x_wconf 87' lang='lat' dir='ltr'>diximus,</span> <span class='ocrx_word' id='word_1_201' title='bbox 748 3966 820 4015; x_wconf 93' lang='lat' dir='ltr'>non</span> <span class='ocrx_word' id='word_1_202' title='bbox 845 3943 946 4039; x_wconf 88' lang='lat' dir='ltr'>prius</span> <span class='ocrx_word' id='word_1_203' title='bbox 971 3945 1217 4043; x_wconf 73' lang='lat' dir='ltr'>schellingius</span> <span class='ocrx_word' id='word_1_204' title='bbox 1248 3953 1405 4048; x_wconf 87' lang='lat' dir='ltr'>scripsit,</span> 
     </span>
    </p>
   </div>
   <div class='ocr_carea' id='block_1_5' title="bbox 296 4173 1405 4404">
    <p class='ocr_par' dir='ltr' id='par_1_7' title="bbox 296 4173 1405 4404">
     <span class='ocr_line' id='line_1_31' title="bbox 298 4173 974 4238; baseline 0 -13"><span class='ocrx_word' id='word_1_205' title='bbox 298 4182 319 4225; x_wconf 89' lang='lat' dir='ltr'>l.</span> <span class='ocrx_word' id='word_1_206' title='bbox 337 4177 414 4224; x_wconf 82' lang='lat' dir='ltr'>Erste</span> <span class='ocrx_word' id='word_1_207' title='bbox 434 4173 576 4236; x_wconf 76' lang='lat' dir='ltr'>Vorlesunp</span> <span class='ocrx_word' id='word_1_208' title='bbox 591 4173 618 4223; x_wconf 84' lang='lat' dir='ltr'>in</span> <span class='ocrx_word' id='word_1_209' title='bbox 632 4173 773 4235; x_wconf 46' lang='lat' dir='ltr'>inunctas,</span> <span class='ocrx_word' id='word_1_210' title='bbox 789 4175 809 4235; x_wconf 92' lang='lat'>1,</span> <span class='ocrx_word' id='word_1_211' title='bbox 825 4189 861 4236; x_wconf 85' lang='lat' dir='ltr'>rx,</span> <span class='ocrx_word' id='word_1_212' title='bbox 877 4189 903 4238; x_wconf 91' lang='lat' dir='ltr'>p.</span> <span class='ocrx_word' id='word_1_213' title='bbox 920 4176 974 4226; x_wconf 81' lang='lat'><strong><em>35‘1.</em></strong></span> 
     </span>
     <span class='ocr_line' id='line_1_32' title="bbox 297 4255 536 4319; baseline -0.008 -14"><span class='ocrx_word' id='word_1_214' title='bbox 297 4260 320 4306; x_wconf 76' lang='lat'>2.</span> <span class='ocrx_word' id='word_1_215' title='bbox 338 4256 417 4317; x_wconf 70' lang='lat' dir='ltr'>leid,</span> <span class='ocrx_word' id='word_1_216' title='bbox 433 4270 462 4319; x_wconf 89' lang='lat' dir='ltr'>p.</span> <span class='ocrx_word' id='word_1_217' title='bbox 482 4255 536 4304; x_wconf 83' lang='grc'><strong>366.</strong></span> 
     </span>
     <span class='ocr_line' id='line_1_33' title="bbox 296 4334 1405 4404; baseline 0.006 -18"><span class='ocrx_word' id='word_1_218' title='bbox 296 4341 317 4386; x_wconf 89' lang='grc'>3,</span> <span class='ocrx_word' id='word_1_219' title='bbox 337 4337 431 4386; x_wconf 85' lang='lat' dir='ltr'>Postea</span> <span class='ocrx_word' id='word_1_220' title='bbox 445 4337 538 4385; x_wconf 86' lang='lat' dir='ltr'>tamen</span> <span class='ocrx_word' id='word_1_221' title='bbox 551 4335 640 4385; x_wconf 83' lang='lat' dir='ltr'>evenit</span> <span class='ocrx_word' id='word_1_222' title='bbox 657 4337 686 4385; x_wconf 90' lang='lat' dir='ltr'>ut</span> <span class='ocrx_word' id='word_1_223' title='bbox 703 4334 884 4398; x_wconf 80' lang='lat' dir='ltr'>Schellingius</span> <span class='ocrx_word' id='word_1_224' title='bbox 900 4336 927 4385; x_wconf 90' lang='lat' dir='ltr'>ln</span> <span class='ocrx_word' id='word_1_225' title='bbox 944 4337 1067 4401; x_wconf 89' lang='lat' dir='ltr'>epistulis</span> <span class='ocrx_word' id='word_1_226' title='bbox 1082 4339 1254 4404; x_wconf 79' lang='lat' dir='ltr'>significaret,</span> <span class='ocrx_word' id='word_1_227' title='bbox 1272 4342 1405 4393; x_wconf 89' lang='lat' dir='ltr'>Stahlium</span> 
     </span>
    </p>
   </div>
   <div class='ocr_carea' id='block_1_6' title="bbox 0 0 1609 5056">
    <p class='ocr_par' dir='ltr' id='par_1_8' title="bbox 0 0 1609 5056">
     <span class='ocr_line' id='line_1_34' title="bbox 0 0 1609 5056; baseline 0 0"><span class='ocrx_word' id='word_1_228' title='bbox 0 0 1609 5056; x_wconf 95' lang='lat' dir='ltr'> </span> 
     </span>
    </p>
   </div>
  </div>
 </body>
</html>
