3198 5056
600 367 713 421 CAPUT
733 367 902 431 QUARTUM
1306 363 1339 424 39

192 513 407 600 admiserat,
427 540 616 612 perquem
633 519 840 614 subjectum
856 524 986 614 sponte
1003 519 1039 590 in
1056 519 1242 616 objectum
1257 504 1339 594 ¹sese

131 686 138 694 ·
192 644 433 728 converteret,
452 640 585 714 deinde
602 643 648 714 ad
665 666 702 715 se
724 643 845 738 ipsum
867 643 1025 730 rediret;
1051 643 1115 715 sed
1135 645 1204 717 hac
1226 644 1341 743 signi-

193 762 362 836 ficaverat
383 765 556 859 possibile
578 789 620 838 eo
641 772 821 862 spectare,
844 770 883 839 ut
904 764 1174 839 determinetur
1190 774 1226 841 et
1240 768 1339 842 idem

194 888 417 974 absolvatur,
437 891 552 962 donec
569 891 774 964 intellectus
792 890 895 964 lateri
908 896 1071 999 ‚cogatur
1095 916 1161 964 ens
1182 901 1285 966 extra
1301 918 1339 965 se

195 1035 273 1084 esse
297 1012 459 1107 pesitum
480 1020 516 1087 et
535 1014 790 1088 tantummodo
811 1041 834 1086 o
850 1017 1033 1111 posteriori
1056 1016 1230 1114 empirica
1251 1032 1339 1113 qua=
1420 1076 1426 1079 ι

195 1136 279 1208 dam
304 1143 382 1209 arte
409 1139 604 1235 explorari.
628 1139 694 1211 llla
715 1140 907 1236 Hegelium
931 1139 1129 1238 sugerunt3
1162 1141 1237 1237 qui,
1258 1167 1340 1215 cum

162 1266 292 1333 ¹totus
311 1263 357 1334 'in
380 1261 510 1359 logicis
540 1264 598 1352 sit,
628 1270 842 1360 conceptum
869 1266 1050 1362 respicere
1081 1266 1339 1340 tantummodo

195 1386 327 1459 studet.
354 1387 482 1475 Porro,
508 1411 607 1476 cum,
623 1394 799 1484 conceptu
823 1394 943 1462 stante
972 1395 1008 1462 et
1030 1391 1218 1476 haerente,
1247 1389 1340 1462 nihil

194 1533 354 1605 unquam
381 1511 568 1611 evasisset,
601 1518 741 1586 motum
768 1514 985 1610 excogitavit
1006 1514 1261 1601 dialecticum3
1279 1514 1341 1609 qui

194 1634 286 1706 bene
309 1634 626 1710 animadvertisset
649 1638 912 1734 schellingiana
939 1638 1174 1734 philosophia
1200 1644 1339 1712 certum

195 1765 316 1832 motus
340 1759 560 1857 principium
581 1768 767 1858 repertum
788 1786 881 1850 esse,
900 1762 1080 1836 adductus
1104 1763 1186 1851 luit,
1205 1767 1245 1836 ut
1264 1763 1340 1858 ipse

195 1883 393 1980 singularia
413 1886 582 1980 quaedam
604 1892 639 1958 et
663 1910 758 1959 nova
783 1886 963 1959 invenisse
983 1887 1182 1975 videretur,
1206 1885 1342 1959 adhoc

194 2006 247 2079 illi
264 2007 348 2082 vitio
363 2011 594 2099 vertendum,
615 2035 695 2082 eam
717 2013 926 2083 necessaria
947 2011 1262 2108 argumentatione
1284 2034 1342 2084 ca-

196 2155 290 2204 rere.
315 2134 365 2205 nt
392 2134 464 2207 hoc
488 2134 592 2207 illum
613 2135 803 2231 praeteriit,
828 2160 912 2209 cum
935 2135 1234 2232 schellingianam
1259 2158 1350 2230 pro*

195 2280 321 2331 cessus
343 2260 532 2331 notionem
558 2264 592 2331 et
612 2258 767 2355 logicam
789 2265 905 2333 artem
928 2285 985 2333 res
1001 2259 1203 2333 definiendi
1220 2264 1344 2332 conta-

196 2382 366 2470 minaret,
390 2383 528 2479 aliquid
549 2389 722 2480 tanquam
745 2410 868 2458 secum
891 2385 1029 2458 discors
1051 2384 1268 2481 peperisse¹.

247 2507 284 2579 Si
304 2513 427 2580 tamen
450 2508 681 2604 hegelianam
705 2509 910 2582 doctrinam
933 2509 1046 2582 oculis
1069 2509 1222 2596 delibes,
1246 2507 1343 2578 hanc

197 2631 384 2704 existimes
404 2657 482 2705 sese
503 2633 623 2729 reipsa
645 2634 830 2729 explicare
853 2638 888 2705 et
914 2635 1008 2707 ultra
1028 2632 1210 2729 progredi.
1237 2632 1342 2704 Unde

197 2758 249 2846 lit,
273 2762 313 2829 ut
328 2757 378 2829 ita
397 2757 612 2853 decipiaris?
635 2759 775 2854 Nempe
806 2757 978 2855 Hegelius
1003 2755 1242 2851 conceptibus
1256 2755 1339 2828 ¹vim

198 2883 393 2976 quamdam
408 2881 572 2979 adjungit
585 2884 778 2969 occultam,
793 2907 979 2979 perquam
992 2882 1245 2978 impellantur;
1259 2905 1340 2977 quae

199 3005 344 3100 quidem
370 3010 422 3078 est
448 3007 564 3101 ipsius
584 3009 770 3103 cogitatio
795 3007 860 3079 llla
887 3016 954 3095 est,
983 3007 1144 3101 inquam,
1181 3005 1343 3100 philoso-

200 3130 345 3225 phantis
361 3131 428 3203 viri
448 3131 634 3227 cogitatio,
654 3157 734 3227 quae
756 3140 952 3226 conceptus
968 3154 1033 3226 per
1048 3154 1085 3201 se
1102 3130 1239 3221 inertes
1257 3152 1341 3224 pro-

199 3262 332 3327 movet.
355 3256 458 3327 Unde
478 3280 612 3330 novum
628 3258 747 3331 oritur
763 3257 906 3343 vitium,
925 3255 1185 3349 cogitationem
1198 3254 1241 3324 ad
1261 3253 1342 3348 pbi-

198 3379 346 3476 losophi
366 3380 557 3454 arbitrium
573 3382 739 3476 provehi,
758 3382 893 3453 nedum
915 3405 934 3452 e
955 3386 1057 3452 certa
1076 3383 1113 3451 et
1133 3375 1342 3450 necessaria

199 3504 278 3601 lege
292 3506 461 3600 pendeat.
480 3506 670 3592 Mundum,
689 3504 809 3601 qualis
828 3511 896 3593 est,
918 3528 991 3605 non
1009 3507 1262 3599 representat,
1276 3508 1339 3572 seu'

199 3629 356 3701 alterum
389 3629 522 3702 evolvit
554 3629 865 3702 commenticium.
900 3628 1111 3703 Methodum
1140 3626 1233 3698 dicis
1261 3630 1340 3697 arto

198 3751 341 3826 vinculo
358 3755 575 3827 obstrictam
595 3780 601 3827 :
622 3754 756 3852 injuria
771 3779 870 3843 vero,
886 3778 967 3826 cum
983 3759 1110 3826 contra
1126 3775 1213 3823 casu
1224 3748 1344 3822 soluta

201 3879 366 3952 elabatur
380 3883 416 3950 et
432 3879 549 3952 evolet
563 3881 585 3950 ².

249 3997 1344 4099 Sed,quom0d0motusincipiat,videamusEnsmerumab

233 4252 254 4299 1.
272 4252 325 4300 Zur
340 4251 499 4301 Gescbicbte
514 4252 562 4300 cler
575 4266 689 4301 neuereo
702 4250 882 4316 Philosophia,
899 4252 919 4314 1,
938 4266 963 4312 x,
975 4265 1001 4314 p.
1016 4250 1126 4298 att-212.
1143 4275 1173 4282 —
1187 4247 1243 4295 Aua
1255 4243 1344 4293 Sebel-

202 4328 269 4388 tonas
285 4330 377 4393 beben,
392 4331 530 4396 Schottinp
546 4347 581 4381 on
600 4331 662 4381 Chr.
677 4332 706 4380 L.
725 4333 831 4393 Weissa
847 4347 873 4396 p.
890 4334 928 4380 at.

234 4413 256 4458 2.
274 4412 326 4459 Zur
340 4410 495 4461 Gesobtebte
508 4412 556 4459 der
569 4426 684 4460 neuercn
700 4410 878 4476 Philosoplue,
893 4412 913 4474 l,
927 4426 952 4473 x,
969 4425 996 4474 p.
1016 4411 1128 4470 tat-132,
1144 4422 1171 4472 p.
1190 4409 1243 4457 138.
