3198 5056
301 448 318 501 4
491 445 536 499 DE
556 444 773 499 POSTERIORE
792 443 1011 498 SGHELLINGll
1030 441 1265 498 PHILOSOPlllA

304 622 360 670 res
390 620 517 671 omnes
539 601 575 668 et
606 595 716 667 vitam
740 596 940 669 humanam
972 619 1043 668 uno
1065 600 1194 668 tenore
1219 594 1449 667 coherentes

304 722 529 816 excogitaret
548 745 555 806 3
580 718 711 791 deinde
735 725 837 792 ratus
859 743 935 805 eoS,
955 718 1016 814 qui
1037 719 1178 792 ratione
1194 724 1336 792 tantum
1362 718 1446 791 treti

303 844 497 941 positivam
514 843 728 940 religionem
749 848 979 932 aversantur,
999 848 1124 939 utpote
1139 867 1251 939 prava
1271 845 1448 938 supersti-

304 969 401 1042 tione
431 968 676 1064 inquinatam,
703 968 856 1054 nescire,
889 991 965 1082 quot
991 967 1172 1063 pertineat
1200 966 1347 1063 etquid
1376 967 1448 1041 sibi

304 1095 389 1166 velit
411 1093 580 1180 historia,
604 1090 842 1165 christianam
859 1091 1080 1180 doctrinam,
1107 1115 1316 1187 quanquam
1340 1098 1451 1165 antea

303 1217 444 1290 minore
477 1216 596 1289 studio
628 1217 845 1303 evolverat¹,
876 1217 1036 1301 retinuit,
1060 1218 1194 1312 quippe
1215 1241 1295 1312 qua
1318 1215 1451 1289 doceat

303 1341 378 1414 rita
398 1347 434 1413 et
450 1363 573 1413 amore
591 1340 780 1412 hominem
797 1341 894 1413 lluxa
910 1347 945 1414 et
962 1321 1063 1413 finita
1080 1346 1314 1436 superantem
1335 1343 1453 1413 AEter-

252 1457 258 1466 ’
305 1489 391 1538 num
410 1472 445 1536 et
470 1464 655 1536 lnsrnitom
677 1466 841 1560 assequi3
865 1464 1039 1560 paulatim
1061 1471 1097 1539 et
1119 1471 1292 1561 tanquam
1318 1465 1451 1537 invitus

304 1588 535 1661 intellexerat
564 1611 629 1682 per
657 1612 765 1660 unam
787 1588 1076 1685 metaphysicam
1097 1613 1140 1661 eo
1173 1589 1338 1684 quamvis
1364 1614 1453 1662 oon-

304 1713 417 1785 traria
442 1734 647 1806 congruere
676 1735 801 1807 posse;
832 1718 867 1784 et
893 1736 1102 1808 quanquam
1133 1712 1234 1809 prius
1260 1715 1453 1809 protessus

306 1841 383 1910 erat
400 1840 616 1931 conceptum
633 1837 880 1932 perseipsum
897 1837 988 1909 nihil
1007 1837 1201 1933 proficere,
1215 1861 1311 1911 nunc
1329 1846 1450 1910 tamen

308 1965 490 2055 conceptu
508 1959 691 2048 utebatur,
710 1967 751 2034 ut
768 1985 810 2034 ea
826 1962 1143 2057 complecteretur.
1161 1962 1242 2034 Jam
1259 1962 1357 2034 enim
1372 1964 1453 2035 haec

307 2088 409 2183 prior
434 2088 626 2185 disciplina
647 2088 726 2185 ejus
748 2086 847 2159 modi
882 2092 962 2159 erat
992 2092 1033 2159 ut
1063 2086 1239 2182 quidquid
1268 2086 1389 2160 existit
1417 2093 1455 2160 et

307 2213 487 2309 cogitatur
498 2220 598 2286 certo
612 2213 740 2285 ordine
753 2235 887 2283 nexum
903 2210 1157 2306 attingeretur,
1168 2213 1304 2284 nedum
1317 2218 1455 2285 temere

308 2337 543 2410 dissociatum
571 2336 709 2419 hiaret3
733 2360 804 2431 qua
825 2337 972 2431 proprie
995 2336 1142 2430 patebat
1167 2336 1386 2409 Absolutum
1416 2337 1454 2408 in

309 2468 430 2534 mente
451 2486 547 2552 esse,
570 2461 620 2534 ita
640 2466 678 2534 ut
703 2461 801 2557 quod
824 2461 939 2533 Graeci
958 2469 1067 2552 κόσμον
1090 2466 1123 2534 et
1145 2461 1241 2555 quod
1257 2438 1455 2533 Clrrisliani

309 2585 421 2659 vitam
436 2585 616 2658 infinitam
628 2586 812 2681 appellant
827 2585 865 2657 in
882 2608 995 2657 unum
1008 2586 1272 2658 coalescerent.
1294 2587 1458 2680 Denique
1579 2632 1580 2637 ,

289 2712 438 2784 'cadem
465 2713 675 2784 ostenderat
705 2716 866 2783 mentem
893 2734 966 2782 non
988 2711 1172 2805 extemplo
1198 2710 1235 2783 in
1265 2735 1358 2800 esse,
1389 2712 1455 2783 sed

311 2834 433 2930 potius
459 2835 495 2906 in
520 2835 598 2906 lieri
628 2835 798 2930 positam,
818 2840 925 2929 atque
948 2836 993 2906 ad
1023 2833 1196 2907 ultimum
1221 2859 1259 2908 se
1278 2837 1458 2931 perficere

313 2982 387 3031 non
415 2983 535 3055 posse,
560 2958 629 3030 nisi
656 2959 846 3032 dialectica
870 2959 1013 3031 ratione
1041 2960 1201 3054 quadam
1233 2961 1278 3031 ab
1299 2959 1460 3031 indeter-

313 3083 452 3158 minato
469 3081 515 3155 ad
536 3081 820 3155 determinatum
840 3084 1110 3179 progrediatur.

362 3207 441 3279 Nou
458 3206 570 3303 igitur
590 3206 802 3303 imprudens
823 3212 859 3279 et
877 3207 1039 3303 jejunus,
1063 3209 1127 3280 sed
1148 3206 1300 3280 consilio
1327 3207 1456 3303 etjam

312 3332 401 3404 satis
431 3333 650 3420 instructus
673 3330 845 3428 Hegelius
867 3330 913 3404 ad
949 3331 1255 3427 schellingianam
1286 3332 1458 3405 tuendam

315 3456 521 3529 doctrinam
542 3479 623 3528 sese
648 3455 872 3540 accinxerat;
897 3479 1029 3550 nempe
1061 3457 1096 3527 iu
1118 3478 1161 3528 ea
1185 3455 1298 3528 sensit
1321 3454 1459 3551 aliquid

317 3580 450 3668 inesse,
465 3582 562 3675 quod
581 3603 664 3652 cum
682 3580 757 3655 suis
769 3578 960 3651 sententiis
976 3585 1206 3675 congrueret,
1225 3580 1323 3675 quod
1340 3585 1459 3652 tamen

316 3703 353 3775 in
378 3704 493 3776 altera
514 3710 616 3799 parte
637 3702 705 3775 sibi
728 3701 883 3790 deesset,
903 3702 1042 3776 scilicet
1057 3710 1176 3777 artem
1197 3703 1405 3799 disputandi
1426 3710 1465 3774 et

318 3828 519 3900 disserendi
541 3834 579 3900 ut
601 3827 862 3923 philosophum
883 3829 997 3900 decet.
1019 3828 1161 3900 Etenim
1182 3829 1218 3899 in
1238 3829 1348 3900 rebus
1363 3828 1463 3899 iuve-

318 3951 461 4024 niendis
477 3951 595 4024 adlruc
616 3951 721 4024 aliter
737 3975 775 4024 se
790 3957 954 4047 gesserat
969 3958 1077 4047 atque
1094 3951 1353 4047 Schelliugius.
1374 3952 1463 4024 Cum

321 4074 565 4172 Schellingios
595 4075 777 4171 principio
817 4076 853 4147 in
887 4075 948 4149 illo
980 4074 1126 4171 proprio
1158 4075 1464 4171 philosophorum

318 4224 450 4297 genere
466 4200 685 4272 exercitatus
702 4206 733 4273 ct
752 4223 771 4271 e
788 4223 870 4273 vere
885 4201 982 4272 dicta
994 4199 1178 4289 doctrina,
1192 4199 1467 4273 videlicottich-

354 4486 373 4530 t.
392 4485 487 4546 llaym,
503 4498 544 4548 op.
561 4484 616 4543 cit,
629 4499 655 4547 p.
670 4486 708 4541 58,
724 4498 750 4547 p.
768 4485 878 4531 tir-483.

1573 4618 1575 4725 t

1550 4736 1574 5050 l
