3198 5056
634 415 747 471 CAPUT
772 415 931 479 QUINTUM
1136 446 1140 459 .
1318 414 1350 465 57

20 556 21 567 ¹
129 612 133 619 ·
206 588 326 659 neque
339 588 498 660 uuquam
512 565 752 654 adulteretur,
771 564 1141 662 quibusexperientia
1153 565 1227 638 lato
1241 588 1352 637 sensu

166 760 170 767 .
206 690 553 784 comprehendatur,
586 714 705 786 neque
729 690 929 764 elevetur¹.
957 689 1073 787 Hujus
1101 695 1224 762 autem
1250 689 1350 760 modi

207 813 437 908 disciplinam
468 815 625 888 condere
650 816 764 889 voluit
792 813 1053 910 Schellingius,
1079 838 1160 887 cum
1190 813 1352 910 positivae

205 937 448 1034 philosophia
470 964 604 1013 munus
626 940 869 1029 describerer3
891 963 1016 1035 quam,
1038 938 1068 1010 si
1083 939 1182 1035 justo
1203 937 1352 1010 nomine

206 1062 391 1157 appellare
416 1064 521 1152 velis,
548 1064 762 1137 historicam
783 1087 902 1137 voces.
930 1063 1097 1148 Quodam
1120 1063 1217 1135 enim
1244 1062 1353 1134 modo

205 1185 433 1283 Schellingio
449 1187 594 1260 videtur
607 1187 642 1259 in
660 1188 810 1261 homine
827 1211 907 1260 esse
924 1186 1078 1284 Relligio
1096 1192 1269 1282 tanquam
1289 1184 1351 1257 ali-

204 1310 306 1405 quid,
336 1311 436 1406 quod
464 1317 547 1384 ante
578 1313 702 1386 omnia
731 1313 894 1385 historiae
921 1318 994 1401 est;
1022 1337 1096 1384 non
1117 1311 1288 1407 quoinde
1315 1309 1351 1381 id

203 1434 397 1530 significet,
416 1437 512 1531 quod
530 1435 660 1510 eodem
671 1441 834 1533 tempore
846 1435 1030 1533 hegeliani
1041 1435 1191 1532 quidam
1203 1440 1352 1507 conten-

203 1557 355 1649 debant,
390 1560 629 1657 Rolligioncm
660 1561 812 1649 scilicet,
839 1560 1016 1634 historico
1043 1560 1154 1632 modo
1184 1557 1351 1633 conside-

203 1689 337 1772 ratam,
355 1683 393 1756 in
410 1685 589 1759 elementa
605 1684 766 1776 dissolvi,
781 1711 861 1782 quae
871 1685 1126 1759 omniaettota
1136 1709 1179 1756 ex
1188 1685 1352 1758 humana

206 1809 432 1881 conscientia
461 1811 637 1902 oriantur,
679 1835 798 1907 neque
837 1809 1035 1906 quidquam
1072 1813 1282 1881 extraneum
1315 1813 1350 1880 et

205 1933 375 2028 superius
396 1935 611 2024 admittant;
637 1933 701 2008 sed
724 1934 812 2008 dicit
832 1958 912 2007 eam
938 1933 1122 2007 vinculum
1144 1932 1247 2029 quasi
1265 1933 1351 2005 sub-

206 2056 377 2155 stantiale
392 2082 486 2147 esse,
505 2084 575 2155 quo
596 2083 706 2155 quam
725 2059 883 2132 maxime
907 2060 1118 2132 cohaereant
1134 2056 1298 2130 actiones
1315 2063 1350 2129 et

206 2181 447 2278 cogitationes
466 2184 511 2255 ab
531 2183 743 2257 hominibus
763 2209 826 2279 per
846 2189 1055 2279 temporum
1072 2181 1201 2255 seriem
1216 2186 1346 2277 partae.

256 2307 491 2392 Quamobren
509 2309 711 2380 cavendum
726 2315 794 2398 est,
812 2333 856 2380 ne
870 2305 1350 2404 perfectaecivitatisconsti-

206 2432 297 2502 tutio
329 2437 501 2527 tanquam
526 2432 636 2505 totius
661 2432 826 2505 historiae
852 2434 935 2504 linis
960 2433 1152 2505 habeatur.
1190 2431 1294 2516 Quod
1318 2428 1348 2501 si

166 2636 170 2647 .
205 2555 366 2650 perlecta
401 2555 528 2629 civitas
559 2557 595 2628 in
629 2556 793 2629 historiae
828 2556 1062 2652 philosophia
1094 2555 1215 2627 locum
1239 2578 1347 2650 quern

204 2679 329 2768 habet,
348 2680 383 2752 id
401 2680 442 2753 tit
458 2686 600 2754 tantum
618 2682 785 2779 negativo
803 2681 925 2755 modo.
945 2681 1130 2776 Negativae
1153 2681 1251 2751 enim
1268 2680 1349 2775 phi-

204 2803 379 2900 losophiae
406 2809 461 2878 est
485 2808 632 2895 docere,
651 2831 731 2902 quae
756 2806 941 2879 contineat
958 2805 1117 2878 civitatis
1134 2803 1247 2891 notio,
1269 2828 1348 2899 quae

206 2930 437 3024 exsequenda
471 2931 729 3026 amplectatur,
767 2931 812 3003 ad
845 2954 953 3026 quem
987 2930 1097 3001 finem
1128 2932 1268 3023 vergat.
1306 2927 1351 2999 at

205 3051 367 3125 historiae
396 3054 643 3150 philosophia,
671 3059 848 3149 quatenus
871 3053 1025 3150 positiva
1049 3058 1114 3140 est,
1142 3077 1184 3125 eo
1209 3055 1349 3147 spectat

206 3182 245 3249 ut
274 3177 541 3273 providentiam
573 3178 744 3266 divinam,
785 3185 957 3273 tanquam
984 3177 1163 3249 humanas
1186 3178 1348 3248 actiones

205 3307 407 3395 regentem,
427 3302 604 3399 percipiat
614 3305 636 3375 2.
650 3304 742 3376 Cum
752 3301 919 3399 negativa
931 3307 1021 3391 arte,
1044 3324 1124 3397 quae
1145 3300 1191 3373 sit
1206 3299 1344 3388 civitas,

204 3424 449 3522 Schellingius
475 3427 625 3514 indicat,
666 3427 816 3523 Hegelio
854 3425 997 3499 videtur
1035 3425 1253 3511 consentire,
1285 3424 1371 3519 qui-

205 3574 330 3622 veram
351 3552 556 3625 libertatcm
576 3550 718 3625 civitate
735 3551 876 3624 institui
894 3550 1159 3623 contenderit³.
1178 3549 1347 3620 Attamen

207 3697 377 3769 expresse
398 3675 580 3772 significat
600 3674 701 3771 quid,
727 3674 874 3748 ineunte
899 3675 1053 3763 civitate,
1080 3673 1270 3746 fortuitum
1287 3674 1345 3757 sit,

208 3803 256 3887 et,
286 3800 541 3873 tantummodo
558 3798 731 3895 quoniam
758 3799 959 3895 contingat,
985 3797 1056 3870 vim
1084 3797 1248 3870 habear.
1279 3796 1349 3869 Sed

235 4048 257 4094 l.
276 4046 354 4109 ibid,
369 4062 396 4112 p.
412 4049 466 4097 tlt.
484 4075 514 4084 -
536 4048 695 4098 constantin
715 4049 807 4109 Franz,
823 4046 982 4111 Schellinp'n
999 4047 1110 4110 positive
1129 4043 1305 4108 Philosophia,
1328 4045 1348 4102 l,

224 4127 275 4174 .26
294 4165 299 4177 .

203 4139 221 4190 p
234 4207 257 4256 2.
275 4129 430 4272 llinleituny
441 4208 467 4256 in
477 4209 520 4257 dic
530 4206 702 4272 Plritoroplu'e
715 4207 944 4270 derMytholopie,
957 4207 988 4268 ll,
1003 4221 1020 4268 1,
1036 4221 1060 4269 p.
1074 4209 1127 4255 551.
1140 4233 1169 4243 -
1182 4206 1349 4268 Stuttqurter

202 4285 574 4353 Privatoorteounpen,l‚v11,
588 4303 614 4352 p.
630 4290 741 4337 lua-lot.

233 4368 255 4414 3.
273 4367 430 4432 Etnleitunp
444 4369 472 4416 in
494 4369 537 4417 die
551 4366 720 4433 Philosophia
735 4369 783 4417 der
797 4367 965 4431 Mytlrotopie,
982 4366 1014 4427 ll,
1030 4381 1048 4425 1,
1062 4381 1087 4430 p.
1102 4367 1215 4415 att-ato.

233 4448 255 4494 4.
275 4446 352 4505 loru,
370 4463 394 4510 p.
411 4448 456 4496 538
468 4448 522 4497 539.
