3198 5056
277 372 313 422 ‘24
468 370 511 422 DE
532 369 750 424 POSTERIORE
772 370 990 424 SCHELLINGll
1009 370 1246 424 PHILOSOPlllA

280 547 302 592 o
319 522 429 615 priori
450 526 516 607 est,
540 518 695 615 ideoque
717 521 942 616 experientia
962 522 1082 616 prior;
1103 521 1180 608 sed,
1199 526 1239 594 ut
1260 521 1294 592 in
1316 544 1427 617 nega-

282 647 353 718 tiva
380 644 613 741 philosophia
638 668 703 740 per
727 652 940 741 conceptus,
969 669 1013 715 ex
1034 646 1165 739 quibus
1183 645 1352 740 pendeat,
1376 645 1425 717 ita

281 770 315 840 in
339 769 494 865 positiva
516 793 581 864 per
603 793 645 842 ea
665 769 971 843 demonstrandus
987 771 1048 858 sit,
1066 794 1160 864 quae,
1179 769 1330 842 liberam
1348 769 1426 866 ejus

282 895 466 967 actionem
482 900 692 981 consecuta,
709 894 747 965 in
763 894 989 989 experientia
1004 899 1212 990 appareant.
1232 894 1310 973 Non
1328 891 1425 990 quod

282 1020 373 1090 haec
398 1019 444 1089 ab
470 1018 693 1113 experientia
727 1019 773 1090 ad
797 1020 913 1092 heum
949 1019 1086 1106 redeat,
1114 1017 1424 1113 quemadmodum

281 1142 389 1214 solita
414 1148 491 1213 erat
512 1143 679 1237 negativa
705 1143 958 1238 philosophia,
987 1145 1050 1215 sed
1071 1143 1108 1214 in
1134 1143 1362 1237 experientia
1383 1166 1425 1214 ea

283 1267 488 1361 investigat,
508 1290 588 1357 quae
605 1291 646 1337 cx
668 1268 797 1339 ordine
816 1267 982 1339 divinum
999 1266 1185 1340 decretum
1202 1266 1421 1363 significant.

168 1474 172 1479 ,
284 1393 320 1462 ln
338 1391 431 1462 hanc
450 1391 558 1486 igitur
574 1393 797 1463 sententiam
823 1392 921 1463 Deus
944 1416 1017 1464 non
1040 1416 1097 1463 res
1117 1397 1256 1464 naturm
1276 1396 1345 1481 est,
1363 1391 1422 1461 sed

280 1540 341 1587 res
368 1516 468 1601 lacti,
493 1515 607 1587 libera
627 1517 723 1588 enim
750 1516 845 1590 actio
870 1517 1016 1589 nonnisi
1037 1542 1058 1587 o
1081 1516 1264 1611 posteriori
1287 1514 1424 1611 percipi
1449 1572 1457 1579 .

282 1640 434 1734 potest¹.

333 1764 499 1835 Positivae
522 1764 634 1860 igitur
653 1765 893 1860 philosophiae
910 1766 1133 1860 experientia
1157 1764 1336 1852 universe,
1355 1787 1426 1835 non

284 1887 430 1982 partim,
444 1887 751 1983 deprehendenda
763 1892 846 1979 erit,
863 1873 911 1961 ita
924 1889 1071 1985 quidem
1086 1894 1268 1973 tractata,
1283 1894 1323 1960 ut
1334 1887 1428 1959 inter

286 2011 1427 2109 eametillam,quaeempiricadicitur,disciplinamdiscrimen

239 2154 247 2165 ·
285 2142 462 2208 servetur.
497 2137 612 2208 Porro
643 2139 690 2209 ibi
715 2137 766 2209 illi
787 2138 958 2225 occurrit,
987 2144 1026 2212 ut
1055 2137 1202 2224 lactum,
1233 2136 1424 2222 revelati03

286 2259 465 2353 adquam
491 2260 541 2332 ita
571 2263 739 2349 attendit,
766 2286 839 2335 non
865 2263 1012 2357 quidem
1038 2267 1076 2335 ut
1096 2260 1346 2345 illiinserviat,
1364 2260 1425 2331 sed

268 2431 271 2435 -
288 2383 407 2478 potius
428 2407 506 2457 sese
527 2363 790 2473 accommodet,
804 2387 1114 2482 quemadmodum
1131 2387 1241 2458 rebus
1262 2390 1297 2458 et
1313 2385 1431 2456 homi-

288 2508 409 2596 nibuS,
428 2509 556 2602 quales
572 2518 669 2600 sunt,
689 2511 922 2606 intellegendi
939 2535 1063 2600 causa,
1085 2510 1218 2584 studet.
1241 2510 1370 2603 Atque,
1390 2512 1427 2579 ul

289 2635 438 2708 omnino
468 2636 682 2730 imperfecta
711 2636 759 2708 sit
787 2637 993 2730 disciplina,
1020 2661 1100 2730 quae
1124 2659 1194 2707 non
1226 2659 1284 2705 res
1313 2632 1431 2704 homi-

265 2781 427 2852 nesque
459 2759 528 2831 sibi
562 2765 756 2855 proponat,
788 2762 839 2832 ita
864 2784 1023 2855 quoque,
1055 2785 1136 2855 quae
1153 2758 1428 2836 revelationem,

291 2881 532 2955 christianam
563 2886 781 2980 prasertim,
810 2886 965 2956 omittat.
999 2884 1167 2957 Ceterum
1199 2880 1431 2955 revelationis

290 3006 524 3102 philosophia
544 3032 615 3080 non
637 3032 657 3080 a
682 3009 902 3081 revelatione
924 3010 1027 3104 quasi
1053 3032 1074 3080 a
1097 3007 1276 3103 principio
1298 3004 1430 3090 oritur;

290 3131 464 3203 sedenim
481 3156 553 3204 non
571 3157 649 3204 esse
667 3138 798 3228 potest,
813 3133 882 3204 nisi
900 3133 1072 3206 rationali
1089 3133 1208 3205 solum
1223 3129 1431 3224 disciplina,

290 3279 361 3349 qua
383 3262 528 3329 tantum
555 3264 755 3352 conceptus
777 3263 1056 3343 connectantur,
1079 3281 1152 3329 non
1179 3260 1350 3327 contenta
1371 3255 1431 3325 sit.

291 3381 345 3450 lta
368 3381 478 3453 modo
495 3404 561 3474 per
578 3383 838 3454 revelationem
857 3383 1027 3471 allicitur,
1046 3387 1085 3454 ut
1102 3380 1297 3454 deliniatur
1316 3378 1436 3475 philo-

290 3504 429 3598 sophiae
458 3505 618 3598 positixae
647 3507 800 3602 species,
829 3507 967 3578 scilicet
990 3505 1179 3590 historica,
1203 3510 1436 3576 cumcontra

292 3627 481 3700 rationalis
499 3628 731 3725 philosophia
749 3654 812 3725 per
829 3654 866 3702 se
883 3631 962 3725 ipsa
983 3631 1029 3702 ab
1049 3629 1203 3702 historia
1223 3628 1406 3723 discrepet
1425 3652 1431 3697 :

293 3752 389 3823 unde
417 3777 476 3825 res
510 3755 682 3849 amplecti
714 3756 852 3850 nequit.
894 3756 984 3827 h'am
1021 3754 1220 3849 spinozana
1253 3752 1433 3838 doctrina,

293 3883 471 3971 qua-tenus
484 3878 670 3951 contendit
686 3880 831 3976 singula
842 3903 995 3975 qumque
1009 3879 1181 3973 finitaque
1193 3902 1214 3949 a
1226 3877 1290 3947 Dei
1307 3882 1438 3948 natura

284 4001 419 4090 fluere,
445 4001 538 4073 siout
560 4025 581 4073 a
601 4003 775 4098 trianguli
799 4005 958 4075 essentia
975 4004 1054 4074 haec
1074 3995 1136 4074 aut
1155 4001 1217 4073 illa
1232 4001 1436 4096 proprietas

290 4124 504 4213 deducatur,
525 4148 596 4198 non
621 4128 666 4198 ad
682 4127 876 4201 historiam
897 4128 1072 4223 pertinet3
1093 4127 1297 4199 christiana
1313 4129 1435 4196 autem

320 4410 343 4458 r.
361 4408 438 4469 reia,
455 4425 481 4474 p.
496 4412 610 4459 rar-rao.
