<?xml version="1.0" encoding="UTF-8"?>
<!DOCTYPE html PUBLIC "-//W3C//DTD XHTML 1.0 Transitional//EN"
    "http://www.w3.org/TR/xhtml1/DTD/xhtml1-transitional.dtd">
<html xmlns="http://www.w3.org/1999/xhtml" xml:lang="en" lang="en">
 <head>
  <title>
</title>
<meta http-equiv="Content-Type" content="text/html;charset=utf-8" />
  <meta name='ocr-system' content='tesseract 3.04.00' />
  <meta name='ocr-capabilities' content='ocr_page ocr_carea ocr_par ocr_line ocrx_word'/>
</head>
<body>
  <div class='ocr_page' id='page_1' title='image "./deposterioresch00delbgoog_0080.png"; bbox 0 0 3198 5056; ppageno 0'>
   <div class='ocr_carea' id='block_1_1' title="bbox 630 410 1299 471">
    <p class='ocr_par' dir='ltr' id='par_1_1' title="bbox 630 410 1299 471">
     <span class='ocr_line' id='line_1_1' title="bbox 630 410 1299 471; baseline -0.01 -3"><span class='ocrx_word' id='word_1_1' title='bbox 630 413 824 471; x_wconf 85' lang='lat' dir='ltr'>CONCLUSlO</span> <span class='ocrx_word' id='word_1_2' title='bbox 1266 410 1299 462; x_wconf 81' lang='lat'>65</span> 
     </span>
    </p>
   </div>
   <div class='ocr_carea' id='block_1_2' title="bbox 155 556 1302 657">
    <p class='ocr_par' dir='ltr' id='par_1_2' title="bbox 155 556 1302 657">
     <span class='ocr_line' id='line_1_2' title="bbox 155 556 1302 657; baseline 0.003 -29"><span class='ocrx_word' id='word_1_3' title='bbox 155 556 242 646; x_wconf 92' lang='lat' dir='ltr'>rici;</span> <span class='ocrx_word' id='word_1_4' title='bbox 269 558 374 655; x_wconf 89' lang='lat' dir='ltr'>cujus</span> <span class='ocrx_word' id='word_1_5' title='bbox 396 563 586 657; x_wconf 90' lang='lat' dir='ltr'>proprium</span> <span class='ocrx_word' id='word_1_6' title='bbox 608 569 674 654; x_wconf 83' lang='lat' dir='ltr'>est,</span> <span class='ocrx_word' id='word_1_7' title='bbox 692 588 765 637; x_wconf 91' lang='lat' dir='ltr'>non</span> <span class='ocrx_word' id='word_1_8' title='bbox 787 566 880 637; x_wconf 87' lang='lat' dir='ltr'>lacta</span> <span class='ocrx_word' id='word_1_9' title='bbox 903 565 1035 651; x_wconf 88' lang='lat' dir='ltr'>salum,</span> <span class='ocrx_word' id='word_1_10' title='bbox 1055 563 1119 637; x_wconf 94' lang='lat' dir='ltr'>sed</span> <span class='ocrx_word' id='word_1_11' title='bbox 1139 559 1302 635; x_wconf 77' lang='lat' dir='ltr'>actiones</span> 
     </span>
    </p>
   </div>
   <div class='ocr_carea' id='block_1_3' title="bbox 64 680 1301 801">
    <p class='ocr_par' dir='ltr' id='par_1_3' title="bbox 64 680 1301 801">
     <span class='ocr_line' id='line_1_3' title="bbox 64 680 1301 801; baseline 0.002 -48"><span class='ocrx_word' id='word_1_12' title='bbox 64 734 74 801; x_wconf 92' lang='lat'>&#39;.</span> <span class='ocrx_word' id='word_1_13' title='bbox 156 680 267 754; x_wconf 90' lang='lat' dir='ltr'>etiam</span> <span class='ocrx_word' id='word_1_14' title='bbox 288 683 480 780; x_wconf 84' lang='lat' dir='ltr'>attingere.</span> <span class='ocrx_word' id='word_1_15' title='bbox 505 687 608 772; x_wconf 85' lang='lat' dir='ltr'>Quod</span> <span class='ocrx_word' id='word_1_16' title='bbox 629 690 680 762; x_wconf 90' lang='lat' dir='ltr'>ita</span> <span class='ocrx_word' id='word_1_17' title='bbox 700 687 933 784; x_wconf 75' lang='lat' dir='ltr'>experientiae</span> <span class='ocrx_word' id='word_1_18' title='bbox 954 693 990 761; x_wconf 90' lang='lat' dir='ltr'>et</span> <span class='ocrx_word' id='word_1_19' title='bbox 1011 686 1192 761; x_wconf 74' lang='lat' dir='ltr'>libertatis</span> <span class='ocrx_word' id='word_1_20' title='bbox 1213 708 1301 758; x_wconf 90' lang='lat' dir='ltr'>con-</span> 
     </span>
    </p>
   </div>
   <div class='ocr_carea' id='block_1_4' title="bbox 155 808 1308 1532">
    <p class='ocr_par' dir='ltr' id='par_1_4' title="bbox 155 808 1308 1532">
     <span class='ocr_line' id='line_1_4' title="bbox 156 808 1302 902; baseline 0.003 -25"><span class='ocrx_word' id='word_1_21' title='bbox 156 808 369 902; x_wconf 82' lang='lat' dir='ltr'>gruentiam</span> <span class='ocrx_word' id='word_1_22' title='bbox 403 809 574 885; x_wconf 89' lang='lat' dir='ltr'>illustrat.</span> <span class='ocrx_word' id='word_1_23' title='bbox 606 812 677 885; x_wconf 87' lang='lat' dir='ltr'>Sed</span> <span class='ocrx_word' id='word_1_24' title='bbox 703 814 747 886; x_wconf 91' lang='lat' dir='ltr'>de</span> <span class='ocrx_word' id='word_1_25' title='bbox 786 812 844 886; x_wconf 92' lang='lat' dir='ltr'>bis</span> <span class='ocrx_word' id='word_1_26' title='bbox 869 813 1066 887; x_wconf 71' lang='lat' dir='ltr'>hactenus</span> <span class='ocrx_word' id='word_1_27' title='bbox 1095 810 1302 884; x_wconf 87' lang='lat' dir='ltr'>Posteriora</span> 
     </span>
     <span class='ocr_line' id='line_1_5' title="bbox 155 930 1299 1034; baseline 0.003 -32"><span class='ocrx_word' id='word_1_28' title='bbox 155 930 1299 1034; x_wconf 83' lang='lat' dir='ltr'>Schelliugiiphilosophiajureexistimeseaetiamconfirmari,</span> 
     </span>
     <span class='ocr_line' id='line_1_6' title="bbox 156 1040 1308 1159; baseline 0.001 -31"><span class='ocrx_word' id='word_1_29' title='bbox 156 1079 238 1150; x_wconf 89' lang='lat' dir='ltr'>quae</span> <span class='ocrx_word' id='word_1_30' title='bbox 260 1059 520 1156; x_wconf 77' lang='lat' dir='ltr'>metaphysicis</span> <span class='ocrx_word' id='word_1_31' title='bbox 539 1061 741 1159; x_wconf 89' lang='lat' dir='ltr'>disciplinis</span> <span class='ocrx_word' id='word_1_32' title='bbox 757 1062 861 1158; x_wconf 59' lang='lat' dir='ltr'>saepej</span> <span class='ocrx_word' id='word_1_33' title='bbox 876 1061 1045 1135; x_wconf 90' lang='lat' dir='ltr'>accidunt</span> <span class='ocrx_word' id='word_1_34' title='bbox 1061 1086 1069 1150; x_wconf 91' lang='lat'>;</span> <span class='ocrx_word' id='word_1_35' title='bbox 1087 1040 1308 1133; x_wconf 89' lang='lat' dir='ltr'>sublimibus</span> 
     </span>
     <span class='ocr_line' id='line_1_7' title="bbox 158 1182 1303 1283; baseline 0.002 -31"><span class='ocrx_word' id='word_1_36' title='bbox 158 1186 195 1253; x_wconf 92' lang='lat' dir='ltr'>et</span> <span class='ocrx_word' id='word_1_37' title='bbox 220 1182 343 1255; x_wconf 79' lang='lat' dir='ltr'>arduis</span> <span class='ocrx_word' id='word_1_38' title='bbox 367 1182 534 1258; x_wconf 85' lang='lat' dir='ltr'>formulis</span> <span class='ocrx_word' id='word_1_39' title='bbox 554 1186 735 1260; x_wconf 85' lang='lat' dir='ltr'>involutas</span> <span class='ocrx_word' id='word_1_40' title='bbox 756 1188 933 1283; x_wconf 90' lang='lat' dir='ltr'>quasdam</span> <span class='ocrx_word' id='word_1_41' title='bbox 952 1185 1155 1259; x_wconf 88' lang='lat' dir='ltr'>sententias</span> <span class='ocrx_word' id='word_1_42' title='bbox 1175 1184 1247 1256; x_wconf 85' lang='lat' dir='ltr'>illae</span> <span class='ocrx_word' id='word_1_43' title='bbox 1267 1182 1303 1254; x_wconf 91' lang='lat' dir='ltr'>in</span> 
     </span>
     <span class='ocr_line' id='line_1_8' title="bbox 156 1305 1305 1404; baseline 0.001 -27"><span class='ocrx_word' id='word_1_44' title='bbox 156 1329 194 1377; x_wconf 94' lang='lat' dir='ltr'>se</span> <span class='ocrx_word' id='word_1_45' title='bbox 208 1305 409 1390; x_wconf 81' lang='lat' dir='ltr'>continent,</span> <span class='ocrx_word' id='word_1_46' title='bbox 424 1333 503 1404; x_wconf 82' lang='lat' dir='ltr'>quae</span> <span class='ocrx_word' id='word_1_47' title='bbox 516 1312 759 1402; x_wconf 81' lang='lat' dir='ltr'>extrinsecus,</span> <span class='ocrx_word' id='word_1_48' title='bbox 770 1311 849 1385; x_wconf 89' lang='lat' dir='ltr'>etin</span> <span class='ocrx_word' id='word_1_49' title='bbox 862 1310 1085 1385; x_wconf 87' lang='lat' dir='ltr'>severiorem</span> <span class='ocrx_word' id='word_1_50' title='bbox 1098 1329 1305 1382; x_wconf 90' lang='lat' dir='ltr'>sermonem</span> 
     </span>
     <span class='ocr_line' id='line_1_9' title="bbox 158 1432 1300 1532; baseline 0.002 -30"><span class='ocrx_word' id='word_1_51' title='bbox 158 1453 358 1522; x_wconf 76' lang='lat' dir='ltr'>conversa,</span> <span class='ocrx_word' id='word_1_52' title='bbox 373 1458 440 1506; x_wconf 90' lang='lat' dir='ltr'>usu</span> <span class='ocrx_word' id='word_1_53' title='bbox 450 1432 607 1530; x_wconf 92' lang='lat' dir='ltr'>quodam</span> <span class='ocrx_word' id='word_1_54' title='bbox 619 1442 732 1525; x_wconf 90' lang='lat' dir='ltr'>certo,</span> <span class='ocrx_word' id='word_1_55' title='bbox 748 1435 926 1510; x_wconf 89' lang='lat' dir='ltr'>validiore</span> <span class='ocrx_word' id='word_1_56' title='bbox 938 1436 1086 1532; x_wconf 89' lang='lat' dir='ltr'>quidem</span> <span class='ocrx_word' id='word_1_57' title='bbox 1100 1439 1136 1507; x_wconf 91' lang='lat' dir='ltr'>et</span> <span class='ocrx_word' id='word_1_58' title='bbox 1152 1432 1300 1519; x_wconf 87' lang='lat' dir='ltr'>tutiore,</span> 
     </span>
    </p>
   </div>
   <div class='ocr_carea' id='block_1_5' title="bbox 58 1557 1304 1657">
    <p class='ocr_par' dir='ltr' id='par_1_5' title="bbox 58 1557 1304 1657">
     <span class='ocr_line' id='line_1_10' title="bbox 58 1557 1304 1657; baseline 0 -30"><span class='ocrx_word' id='word_1_59' title='bbox 58 1584 63 1611; x_wconf 88' lang='lat'><em>·</em></span> <span class='ocrx_word' id='word_1_60' title='bbox 158 1557 482 1649; x_wconf 87' lang='lat' dir='ltr'>commendantur;</span> <span class='ocrx_word' id='word_1_61' title='bbox 500 1559 622 1633; x_wconf 84' lang='lat' dir='ltr'>verbis</span> <span class='ocrx_word' id='word_1_62' title='bbox 643 1585 787 1657; x_wconf 88' lang='lat' dir='ltr'>quoque</span> <span class='ocrx_word' id='word_1_63' title='bbox 803 1562 959 1634; x_wconf 91' lang='lat' dir='ltr'>nimium</span> <span class='ocrx_word' id='word_1_64' title='bbox 986 1558 1146 1657; x_wconf 92' lang='lat' dir='ltr'>propriis</span> <span class='ocrx_word' id='word_1_65' title='bbox 1170 1579 1304 1631; x_wconf 83' lang='lat' dir='ltr'>nouum</span> 
     </span>
    </p>
   </div>
   <div class='ocr_carea' id='block_1_6' title="bbox 158 1680 1309 2281">
    <p class='ocr_par' dir='ltr' id='par_1_6' title="bbox 158 1680 1309 2281">
     <span class='ocr_line' id='line_1_11' title="bbox 159 1680 1301 1783; baseline -0.001 -29"><span class='ocrx_word' id='word_1_66' title='bbox 159 1681 424 1778; x_wconf 81' lang='lat' dir='ltr'>cogitationum</span> <span class='ocrx_word' id='word_1_67' title='bbox 458 1684 534 1758; x_wconf 87' lang='lat' dir='ltr'>lore</span> <span class='ocrx_word' id='word_1_68' title='bbox 564 1686 732 1759; x_wconf 90' lang='lat' dir='ltr'>ordinem</span> <span class='ocrx_word' id='word_1_69' title='bbox 766 1711 861 1783; x_wconf 83' lang='lat' dir='ltr'>saepe</span> <span class='ocrx_word' id='word_1_70' title='bbox 887 1687 1090 1759; x_wconf 86' lang='lat' dir='ltr'>declarant.</span> <span class='ocrx_word' id='word_1_71' title='bbox 1121 1680 1301 1770; x_wconf 82' lang='lat' dir='ltr'>Proiecto,</span> 
     </span>
     <span class='ocr_line' id='line_1_12' title="bbox 158 1806 1306 1907; baseline -0.003 -25"><span class='ocrx_word' id='word_1_72' title='bbox 158 1831 243 1882; x_wconf 91' lang='lat' dir='ltr'>cum</span> <span class='ocrx_word' id='word_1_73' title='bbox 264 1806 508 1906; x_wconf 83' lang='lat' dir='ltr'>Schellingius</span> <span class='ocrx_word' id='word_1_74' title='bbox 533 1810 726 1907; x_wconf 82' lang='lat' dir='ltr'>Hegelium</span> <span class='ocrx_word' id='word_1_75' title='bbox 743 1817 817 1885; x_wconf 89' lang='lat' dir='ltr'>tam</span> <span class='ocrx_word' id='word_1_76' title='bbox 838 1812 973 1884; x_wconf 87' lang='lat' dir='ltr'>acriter</span> <span class='ocrx_word' id='word_1_77' title='bbox 994 1808 1209 1897; x_wconf 84' lang='lat' dir='ltr'>lacessebat,</span> <span class='ocrx_word' id='word_1_78' title='bbox 1229 1811 1306 1878; x_wconf 91' lang='lat' dir='ltr'>stu-</span> 
     </span>
     <span class='ocr_line' id='line_1_13' title="bbox 158 1934 1305 2033; baseline -0.003 -26"><span class='ocrx_word' id='word_1_79' title='bbox 158 1935 269 2008; x_wconf 89' lang='lat' dir='ltr'>debat</span> <span class='ocrx_word' id='word_1_80' title='bbox 313 1936 516 2031; x_wconf 80' lang='lat' dir='ltr'>praesertim</span> <span class='ocrx_word' id='word_1_81' title='bbox 559 1960 665 2010; x_wconf 93' lang='lat' dir='ltr'>suum</span> <span class='ocrx_word' id='word_1_82' title='bbox 703 1936 898 2033; x_wconf 88' lang='lat' dir='ltr'>pristinum</span> <span class='ocrx_word' id='word_1_83' title='bbox 936 1934 1169 2031; x_wconf 87' lang='lat' dir='ltr'>discipulum,</span> <span class='ocrx_word' id='word_1_84' title='bbox 1208 1954 1305 2005; x_wconf 88' lang='lat' dir='ltr'>nunc</span> 
     </span>
     <span class='ocr_line' id='line_1_14' title="bbox 161 2055 1309 2158; baseline -0.004 -25"><span class='ocrx_word' id='word_1_85' title='bbox 161 2066 282 2133; x_wconf 90' lang='lat' dir='ltr'>autem</span> <span class='ocrx_word' id='word_1_86' title='bbox 305 2061 480 2134; x_wconf 79' lang='lat' dir='ltr'>amulum</span> <span class='ocrx_word' id='word_1_87' title='bbox 501 2066 684 2149; x_wconf 83' lang='lat' dir='ltr'>ovantem,</span> <span class='ocrx_word' id='word_1_88' title='bbox 701 2061 877 2158; x_wconf 86' lang='lat' dir='ltr'>dejicere;</span> <span class='ocrx_word' id='word_1_89' title='bbox 901 2061 978 2149; x_wconf 77' lang='lat' dir='ltr'>sed,</span> <span class='ocrx_word' id='word_1_90' title='bbox 998 2058 1186 2133; x_wconf 82' lang='lat' dir='ltr'>uocabulis</span> <span class='ocrx_word' id='word_1_91' title='bbox 1206 2055 1309 2129; x_wconf 91' lang='lat' dir='ltr'>adbi-</span> 
     </span>
     <span class='ocr_line' id='line_1_15' title="bbox 160 2182 1309 2281; baseline -0.003 -25"><span class='ocrx_word' id='word_1_92' title='bbox 160 2185 248 2258; x_wconf 89' lang='lat' dir='ltr'>bitis</span> <span class='ocrx_word' id='word_1_93' title='bbox 260 2186 411 2281; x_wconf 89' lang='lat' dir='ltr'>paulum</span> <span class='ocrx_word' id='word_1_94' title='bbox 423 2187 610 2268; x_wconf 88' lang='lat' dir='ltr'>obsoletis,</span> <span class='ocrx_word' id='word_1_95' title='bbox 623 2187 751 2259; x_wconf 87' lang='lat' dir='ltr'>saltem</span> <span class='ocrx_word' id='word_1_96' title='bbox 765 2185 993 2280; x_wconf 77' lang='lat' dir='ltr'>significabat</span> <span class='ocrx_word' id='word_1_97' title='bbox 1004 2182 1197 2257; x_wconf 89' lang='lat' dir='ltr'>hominum</span> <span class='ocrx_word' id='word_1_98' title='bbox 1209 2204 1309 2254; x_wconf 92' lang='lat' dir='ltr'>men·</span> 
     </span>
    </p>
   </div>
   <div class='ocr_carea' id='block_1_7' title="bbox 69 2309 1307 2543">
    <p class='ocr_par' dir='ltr' id='par_1_7' title="bbox 69 2309 1307 2543">
     <span class='ocr_line' id='line_1_16' title="bbox 69 2309 1307 2408; baseline -0.005 -24"><span class='ocrx_word' id='word_1_99' title='bbox 69 2366 72 2375; x_wconf 81' lang='lat'><em>.</em></span> <span class='ocrx_word' id='word_1_100' title='bbox 162 2316 216 2384; x_wconf 90' lang='lat' dir='ltr'>tes</span> <span class='ocrx_word' id='word_1_101' title='bbox 228 2311 304 2406; x_wconf 90' lang='lat' dir='ltr'>jam</span> <span class='ocrx_word' id='word_1_102' title='bbox 322 2336 417 2383; x_wconf 91' lang='lat' dir='ltr'>nuuc</span> <span class='ocrx_word' id='word_1_103' title='bbox 435 2335 477 2385; x_wconf 94' lang='lat' dir='ltr'>eo</span> <span class='ocrx_word' id='word_1_104' title='bbox 494 2318 673 2408; x_wconf 85' lang='lat' dir='ltr'>spectare,</span> <span class='ocrx_word' id='word_1_105' title='bbox 694 2318 820 2401; x_wconf 80' lang='lat' dir='ltr'>utres,</span> <span class='ocrx_word' id='word_1_106' title='bbox 840 2334 912 2384; x_wconf 93' lang='lat' dir='ltr'>non</span> <span class='ocrx_word' id='word_1_107' title='bbox 928 2334 993 2407; x_wconf 91' lang='lat' dir='ltr'>per</span> <span class='ocrx_word' id='word_1_108' title='bbox 1011 2309 1211 2382; x_wconf 78' lang='lat' dir='ltr'>dialectica</span> <span class='ocrx_word' id='word_1_109' title='bbox 1233 2329 1307 2379; x_wconf 89' lang='lat' dir='ltr'>me-</span> 
     </span>
     <span class='ocr_line' id='line_1_17' title="bbox 72 2432 1307 2543; baseline -0.008 -32"><span class='ocrx_word' id='word_1_110' title='bbox 72 2500 76 2543; x_wconf 43' lang='lat'>:</span> <span class='ocrx_word' id='word_1_111' title='bbox 162 2437 266 2510; x_wconf 90' lang='lat' dir='ltr'>thodi</span> <span class='ocrx_word' id='word_1_112' title='bbox 296 2460 457 2526; x_wconf 87' lang='lat' dir='ltr'>normas,</span> <span class='ocrx_word' id='word_1_113' title='bbox 485 2436 606 2509; x_wconf 90' lang='lat' dir='ltr'>sedin</span> <span class='ocrx_word' id='word_1_114' title='bbox 630 2460 681 2526; x_wconf 90' lang='lat' dir='ltr'>se,</span> <span class='ocrx_word' id='word_1_115' title='bbox 706 2461 771 2532; x_wconf 88' lang='lat' dir='ltr'>per</span> <span class='ocrx_word' id='word_1_116' title='bbox 796 2435 1059 2533; x_wconf 87' lang='lat' dir='ltr'>experientiam</span> <span class='ocrx_word' id='word_1_117' title='bbox 1082 2434 1163 2530; x_wconf 93' lang='lat' dir='ltr'>plus</span> <span class='ocrx_word' id='word_1_118' title='bbox 1186 2432 1307 2504; x_wconf 92' lang='lat' dir='ltr'>miuus</span> 
     </span>
    </p>
   </div>
   <div class='ocr_carea' id='block_1_8' title="bbox 163 2560 668 2659">
    <p class='ocr_par' dir='ltr' id='par_1_8' title="bbox 163 2560 668 2659">
     <span class='ocr_line' id='line_1_18' title="bbox 163 2560 668 2659; baseline -0.002 -26"><span class='ocrx_word' id='word_1_119' title='bbox 163 2568 365 2659; x_wconf 85' lang='lat' dir='ltr'>extensam,</span> <span class='ocrx_word' id='word_1_120' title='bbox 388 2560 668 2657; x_wconf 82' lang='lat' dir='ltr'>perspiciantur.</span> 
     </span>
    </p>
   </div>
   <div class='ocr_carea' id='block_1_9' title="bbox 712 3085 1016 3143">
    <p class='ocr_par' dir='ltr' id='par_1_9' title="bbox 712 3085 1016 3143">
     <span class='ocr_line' id='line_1_19' title="bbox 712 3085 1016 3143; baseline -0.03 0"><span class='ocrx_word' id='word_1_121' title='bbox 712 3085 782 3143; x_wconf 86' lang='lat' dir='ltr'>Vrur</span> <span class='ocrx_word' id='word_1_122' title='bbox 802 3097 838 3140; x_wconf 78' lang='lat' dir='ltr'>nc</span> <span class='ocrx_word' id='word_1_123' title='bbox 862 3094 987 3138; x_wconf 76' lang='lat' dir='ltr'>enarrer</span> <span class='ocrx_word' id='word_1_124' title='bbox 1010 3093 1016 3134; x_wconf 95' lang='lat'>:</span> 
     </span>
    </p>
   </div>
   <div class='ocr_carea' id='block_1_10' title="bbox 423 3263 1263 3602">
    <p class='ocr_par' dir='ltr' id='par_1_10' title="bbox 423 3263 1263 3602">
     <span class='ocr_line' id='line_1_20' title="bbox 577 3263 1153 3353; baseline -0.021 -20"><span class='ocrx_word' id='word_1_125' title='bbox 577 3271 710 3353; x_wconf 73' lang='lat' dir='ltr'>Lutetia</span> <span class='ocrx_word' id='word_1_126' title='bbox 726 3268 934 3338; x_wconf 80' lang='lat' dir='ltr'>Parisiorum,</span> <span class='ocrx_word' id='word_1_127' title='bbox 951 3265 984 3324; x_wconf 86' lang='lat' dir='ltr'>iu</span> <span class='ocrx_word' id='word_1_128' title='bbox 1000 3263 1153 3335; x_wconf 83' lang='lat' dir='ltr'>Sarbena,</span> 
     </span>
     <span class='ocr_line' id='line_1_21' title="bbox 542 3397 1182 3469; baseline -0.02 -2"><span class='ocrx_word' id='word_1_129' title='bbox 542 3407 593 3467; x_wconf 89' lang='lat' dir='ltr'>die</span> <span class='ocrx_word' id='word_1_130' title='bbox 619 3423 680 3466; x_wconf 87' lang='lat' dir='ltr'>xxv</span> <span class='ocrx_word' id='word_1_131' title='bbox 706 3403 828 3464; x_wconf 88' lang='lat' dir='ltr'>mensis</span> <span class='ocrx_word' id='word_1_132' title='bbox 855 3418 926 3461; x_wconf 89' lang='lat' dir='ltr'>nov.</span> <span class='ocrx_word' id='word_1_133' title='bbox 955 3416 1031 3460; x_wconf 91' lang='lat' dir='ltr'>aun.</span> <span class='ocrx_word' id='word_1_134' title='bbox 1060 3397 1182 3469; x_wconf 86' lang='lat' dir='ltr'>MCllll,</span> 
     </span>
     <span class='ocr_line' id='line_1_22' title="bbox 423 3529 1263 3602; baseline -0.019 1"><span class='ocrx_word' id='word_1_135' title='bbox 423 3541 599 3602; x_wconf 69' lang='lat' dir='ltr'>Facultates</span> <span class='ocrx_word' id='word_1_136' title='bbox 613 3539 804 3601; x_wconf 81' lang='lat' dir='ltr'>Litterarum</span> <span class='ocrx_word' id='word_1_137' title='bbox 819 3535 851 3595; x_wconf 80' lang='lat' dir='ltr'>la</span> <span class='ocrx_word' id='word_1_138' title='bbox 871 3532 1073 3595; x_wconf 82' lang='lat' dir='ltr'>Universitate</span> <span class='ocrx_word' id='word_1_139' title='bbox 1089 3529 1263 3591; x_wconf 77' lang='lat' dir='ltr'>I&#39;arisiensa&#39;</span> 
     </span>
    </p>
   </div>
   <div class='ocr_carea' id='block_1_11' title="bbox 786 3668 938 3740">
    <p class='ocr_par' dir='ltr' id='par_1_11' title="bbox 786 3668 938 3740">
     <span class='ocr_line' id='line_1_23' title="bbox 786 3668 938 3740; baseline -0.02 -11"><span class='ocrx_word' id='word_1_140' title='bbox 786 3668 938 3740; x_wconf 82' lang='lat' dir='ltr'>Decanas,</span> 
     </span>
    </p>
   </div>
   <div class='ocr_carea' id='block_1_12' title="bbox 750 3826 979 3890">
    <p class='ocr_par' dir='ltr' id='par_1_12' title="bbox 750 3826 979 3890">
     <span class='ocr_line' id='line_1_24' title="bbox 750 3826 979 3890; baseline -0.022 0"><span class='ocrx_word' id='word_1_141' title='bbox 750 3832 786 3890; x_wconf 81' lang='grc' dir='ltr'>Α.</span> <span class='ocrx_word' id='word_1_142' title='bbox 809 3826 979 3889; x_wconf 84' lang='lat' dir='ltr'>CROlSET.</span> 
     </span>
    </p>
   </div>
   <div class='ocr_carea' id='block_1_13' title="bbox 342 4011 621 4065">
    <p class='ocr_par' dir='ltr' id='par_1_13' title="bbox 342 4011 621 4065">
     <span class='ocr_line' id='line_1_25' title="bbox 342 4011 621 4065; baseline -0.018 -5"><span class='ocrx_word' id='word_1_143' title='bbox 342 4016 427 4060; x_wconf 74' lang='lat' dir='ltr'>nuris</span> <span class='ocrx_word' id='word_1_144' title='bbox 447 4011 621 4065; x_wconf 77' lang='lat' dir='ltr'><strong>MANDETUR,</strong></span> 
     </span>
    </p>
   </div>
   <div class='ocr_carea' id='block_1_14' title="bbox 88 4150 752 4337">
    <p class='ocr_par' dir='ltr' id='par_1_14' title="bbox 88 4150 752 4337">
     <span class='ocr_line' id='line_1_26' title="bbox 88 4150 752 4337; baseline -0.035 -78"><span class='ocrx_word' id='word_1_145' title='bbox 88 4150 95 4337; x_wconf 53' lang='lat' dir='ltr'>l</span> <span class='ocrx_word' id='word_1_146' title='bbox 243 4187 414 4254; x_wconf 83' lang='lat' dir='ltr'>Academiae</span> <span class='ocrx_word' id='word_1_147' title='bbox 429 4181 616 4246; x_wconf 80' lang='lat' dir='ltr'>Paririeaais</span> <span class='ocrx_word' id='word_1_148' title='bbox 632 4179 752 4249; x_wconf 72' lang='lat' dir='ltr'>Hector,</span> 
     </span>
    </p>
   </div>
   <div class='ocr_carea' id='block_1_15' title="bbox 89 4350 98 4489">
    <p class='ocr_par' dir='ltr' id='par_1_15' title="bbox 89 4350 98 4489">
     <span class='ocr_line' id='line_1_27' title="bbox 89 4350 98 4489; baseline 0 0"><span class='ocrx_word' id='word_1_149' title='bbox 89 4350 98 4489; x_wconf 80' lang='lat' dir='ltr'>l</span> 
     </span>
    </p>
   </div>
   <div class='ocr_carea' id='block_1_16' title="bbox 397 4344 583 4406">
    <p class='ocr_par' dir='ltr' id='par_1_16' title="bbox 397 4344 583 4406">
     <span class='ocr_line' id='line_1_28' title="bbox 397 4344 583 4406; baseline -0.022 0"><span class='ocrx_word' id='word_1_150' title='bbox 397 4350 429 4406; x_wconf 84' lang='lat' dir='ltr'>L.</span> <span class='ocrx_word' id='word_1_151' title='bbox 455 4344 583 4406; x_wconf 76' lang='lat' dir='ltr'>claun.</span> 
     </span>
    </p>
   </div>
   <div class='ocr_carea' id='block_1_17' title="bbox 305 4586 417 4628">
    <p class='ocr_par' dir='ltr' id='par_1_17' title="bbox 305 4586 417 4628">
     <span class='ocr_line' id='line_1_29' title="bbox 305 4586 417 4628; baseline -0.054 0"><span class='ocrx_word' id='word_1_152' title='bbox 305 4586 417 4628; x_wconf 77' lang='lat' dir='ltr'>Danaos.</span> 
     </span>
    </p>
   </div>
   <div class='ocr_carea' id='block_1_18' title="bbox 0 0 1621 5056">
    <p class='ocr_par' dir='ltr' id='par_1_18' title="bbox 0 0 1621 5056">
     <span class='ocr_line' id='line_1_30' title="bbox 0 0 1621 5056; baseline 0 0"><span class='ocrx_word' id='word_1_153' title='bbox 0 0 1621 5056; x_wconf 95' lang='lat' dir='ltr'> </span> 
     </span>
    </p>
   </div>
  </div>
 </body>
</html>
