3198 5056
588 441 706 496 CAPUT
730 440 867 495 PRIMUM
1269 443 1284 497 3
1360 460 1363 465 ’

52 619 56 627 ·
143 595 256 683 ditur,
279 618 363 668 cum
384 593 556 691 Hegelius
574 617 650 685 nou
674 593 795 666 soluto
815 617 946 690 genere
970 592 1116 665 dicendi
1143 599 1282 681 utatur,

144 721 256 791 immo
293 717 529 814 imperatoria
561 720 720 814 quadam
750 716 928 791 brevitate
958 741 1016 789 res
1050 718 1284 791 commendet

142 849 178 916 et
211 843 380 939 proprias
405 843 581 938 quasdam
615 841 815 915 sententias
843 841 1027 913 interdum
1053 841 1090 913 iu
1122 842 1283 915 medium

144 968 314 1064 p‘rolerat.
334 967 482 1041 Scilicet
500 968 535 1038 in
552 966 768 1039 Absolutum
785 966 901 1061 magis
917 965 1061 1060 penitus
1080 963 1285 1039 admittitur

141 1090 231 1164 illud
252 1093 384 1189 ipsum,
414 1115 477 1186 per
498 1091 595 1186 quod
613 1089 816 1186 subjeetum
838 1093 873 1160 et
888 1087 1071 1185 objectum
1092 1089 1286 1161 dissimilia

143 1222 340 1313 apparent3
369 1238 480 1310 porro
513 1212 681 1286 Absolnti
716 1218 770 1285 est
800 1212 1019 1302 differentia,
1041 1236 1115 1285 non
1145 1212 1286 1284 indiffe-

143 1341 273 1413 rentia.
287 1340 504 1412 Absolutum
517 1336 616 1409 enim
626 1337 832 1410 dillerentia
843 1361 987 1428 carens,
1002 1344 1041 1411 ut
1055 1336 1105 1410 ait
1116 1336 1287 1434 Hegelius

144 1467 256 1537 verba
278 1465 356 1561 jam
381 1487 479 1537 nunc
501 1485 693 1558 usurpans,
708 1485 789 1556 quae
812 1468 939 1558 postea
962 1462 998 1534 in
1021 1461 1286 1558 schellingium

145 1595 298 1684 repetet,
330 1588 559 1661 simillimum
592 1587 693 1660 nocti
722 1587 908 1667 videtur¹;
941 1588 1146 1660 absolutam
1175 1586 1289 1683 igitur

39 1760 48 1777 .
145 1713 388 1805 dillerentiam
412 1718 585 1807 tanquam
615 1736 658 1783 ex
686 1710 767 1807 ipso
791 1710 969 1784 Absolute
995 1717 1115 1784 ortam
1139 1734 1289 1785 necesse

144 1844 199 1911 est
219 1838 404 1934 explanes,

194 1963 361 2035 Ceterum
389 1961 467 2034 lalsi
493 1965 578 2033 sunt
604 1960 678 2054 qui,
703 1964 743 2033 ut
768 1982 848 2032 mos
869 1966 936 2048 est,
966 1961 1157 2057 Hegelium
1186 1985 1289 2035 suam
1333 2022 1338 2032 .

145 2086 415 2185 philosophiam
441 2109 459 2156 e
491 2084 754 2180 schellingiana
782 2085 950 2157 hausisse
978 2090 1013 2158 et
1035 2087 1289 2160 tantummodo

147 2212 289 2284 ratione
315 2216 351 2282 et
377 2209 434 2281 via
456 2208 668 2304 produxisse
688 2211 851 2304 putenti.
879 2209 1009 2283 Verbis
1034 2215 1069 2283 et
1099 2212 1289 2285 sententia

146 2333 286 2430 llegelii
306 2332 416 2405 nimis
435 2332 621 2429 relligiose
639 2332 854 2419 inserviunt,
873 2334 935 2429 qui
956 2340 1096 2429 postea,
1122 2341 1163 2408 ut
1182 2360 1289 2409 suum

145 2456 400 2554 intellegendae
423 2457 588 2530 historiae
610 2481 725 2553 genus
746 2458 930 2552 probaret,
954 2459 1172 2532 asseveravit
1186 2484 1289 2534 suam

145 2583 350 2656 doctrinam
367 2604 449 2654 eam
466 2605 558 2669 esse,
584 2606 662 2675 quae
683 2582 987 2678 schellingianam
1004 2581 1236 2680 disciplinam
1253 2591 1290 2658 et

144 2709 274 2781 tollere
291 2713 326 2779 et
341 2707 378 2778 in
396 2730 433 2778 se
449 2707 645 2778 absumere
661 2705 789 2777 eadem
806 2710 927 2801 posset
942 2708 965 2778 ³.
989 2708 1066 2780 Hoc
1086 2707 1184 2780 onim
1205 2710 1288 2783 illos
1311 2694 1314 2699 ’

146 2833 251 2929 l'ugit,
271 2832 474 2928 Hegelium‚
493 2836 689 2925 antequam
704 2853 787 2903 cum
799 2830 1023 2928 Sebellingio
1038 2833 1186 2905 cottidie
1203 2848 1289 2907 con-

144 2962 361 3039 versaretur,
390 2954 458 3027 sibi
484 2954 561 3051 jam
585 2954 740 3027 solidam
764 2957 968 3029 doctrinam
996 2956 1159 3047 finxisse,
1186 2961 1289 3053 cujus

145 3080 324 3177 principia
341 3077 508 3174 quaedam
524 3077 681 3150 maxime
703 3080 901 3152 eminentia
917 3082 950 3151 in
967 3081 1129 3174 ejusdem
1144 3083 1290 3157 absolu·

146 3216 220 3277 lam
242 3203 448 3277 doctrinam
470 3201 706 3296 migraveret
727 3202 814 3273 Haec
835 3208 956 3275 autem
973 3228 1110 3300 magna
1125 3230 1169 3278 ex
1185 3213 1287 3302 parte

145 3352 227 3402 cum
254 3353 273 3401 e
303 3327 443 3423 graecis,
471 3331 549 3398 tum
579 3350 597 3397 e
628 3326 837 3398 christianis
862 3328 1053 3400 sententiis
1079 3333 1283 3404 constabat.

147 3456 308 3525 l’rimum
332 3451 428 3524 enim
451 3474 494 3522 eo
511 3449 688 3546 praeditus
711 3455 790 3522 erat
811 3452 970 3546 ingenio,
1000 3457 1037 3524 ut
1058 3455 1236 3527 mnndum
1253 3462 1290 3529 et

178 3748 199 3793 t.
218 3766 229 3788 «
249 3745 300 3792 Dus
320 3742 449 3792 Absolute
467 3743 503 3791 ist
520 3741 562 3791 die
581 3742 676 3803 Nucht‚
695 3742 750 3790 und
766 3742 813 3790 das
834 3743 908 3793 Licbt
929 3747 1028 3808 ji'rnger
1044 3746 1084 3795 uls
1107 3747 1153 3806 sie,
1170 3747 1225 3796 und
1241 3748 1289 3797 der

146 3822 319 3876 Unterschied
334 3821 436 3881 Beider,
453 3836 483 3870 so
496 3823 547 3870 wie
563 3821 610 3871 dus
628 3822 819 3873 Heraustreten
836 3824 882 3873 des
897 3825 990 3875 Liebts
1003 3840 1051 3875 aus
1065 3826 1111 3876 der
1126 3828 1213 3877 Nacht
1228 3828 1287 3876 eine

145 3907 267 3956 absolute
280 3904 418 3953 Differenz.
434 3923 444 3948 ι
462 3903 538 3964 reid,
552 3918 578 3967 p.
596 3905 648 3952 113.
662 3930 693 3939 -
707 3903 773 3954 Vide
787 3905 879 3966 etiam,
895 3921 921 3969 p.
938 3908 991 3956 191.

177 3989 199 4034 2.
214 4006 225 4029 a
239 3985 283 4034 Die
293 3983 463 4047 Philosopbie
473 3984 571 4046 Hegels
581 3983 618 4032 ist
627 3983 686 4033 eine
697 3982 827 4034 kritisehe
837 3986 1041 4051 Umgestaltung
1049 3988 1104 4037 und
1112 3989 1288 4053 Fortbilduug

145 4066 193 4115 des
217 4063 430 4127 schellingseben
458 4063 727 4127 llentitdtssystems.
749 4083 760 4107 υ
785 4065 1052 4130 Ueberweg-Heinze.
1073 4068 1218 4117 Gruadriss
1240 4071 1289 4118 dev·

148 4141 554 4207 69301ιί088άενΡΙιὶἰοεορΙιὶε,
570 4144 616 4203 111,
633 4145 656 4204 2,
673 4144 749 4193 aehte
760 4144 880 4208 indage,
897 4147 965 4208 1881,
982 4161 1008 4210 p.
1023 4150 1062 4196 41.

178 4227 201 4273 8.
219 4222 285 4273 t'ide
300 4235 359 4285 quae
383 4222 415 4272 de
435 4223 477 4271 his
501 4223 634 4272 Lucianus
650 4224 723 4284 Herr,
737 4224 767 4272 in
782 4238 863 4287 opere
885 4226 958 4289 quod
973 4247 984 4271 a
1002 4227 1109 4277 Grande
1131 4229 1290 4293 Euryclopt-

147 4307 189 4354 die
205 4324 216 4346 ι»
234 4304 414 4366 nuncupatur,
428 4303 544 4367 scripsit.
558 4304 624 4364 11111,
639 4318 666 4368 p.
682 4304 736 4353 998.

177 4388 200 4432 l.
218 4382 401 4443 desumerent,
418 4383 519 4446 Heqel's
538 4383 631 4445 beben,
655 4385 724 4445 1814,
747 4400 773 4448 p.
792 4387 871 4434 94-98.
892 4412 922 4423 -
939 4388 1034 4449 llaym‚
1050 4387 1131 4451 Hepcl
1151 4389 1207 4438 ulad
1220 4391 1292 4439 aeine

148 4466 213 4527 leit,
228 4464 297 4523 1831,
313 4477 339 4526 p.
353 4464 453 4513 68-188.
