<?xml version="1.0" encoding="UTF-8"?>
<!DOCTYPE html PUBLIC "-//W3C//DTD XHTML 1.0 Transitional//EN"
    "http://www.w3.org/TR/xhtml1/DTD/xhtml1-transitional.dtd">
<html xmlns="http://www.w3.org/1999/xhtml" xml:lang="en" lang="en">
 <head>
  <title>
</title>
<meta http-equiv="Content-Type" content="text/html;charset=utf-8" />
  <meta name='ocr-system' content='tesseract 3.04.00' />
  <meta name='ocr-capabilities' content='ocr_page ocr_carea ocr_par ocr_line ocrx_word'/>
</head>
<body>
  <div class='ocr_page' id='page_1' title='image "./deposterioresch00delbgoog_0074.png"; bbox 0 0 3198 5056; ppageno 0'>
   <div class='ocr_carea' id='block_1_1' title="bbox 609 1096 939 1181">
    <p class='ocr_par' dir='ltr' id='par_1_1' title="bbox 609 1096 939 1181">
     <span class='ocr_line' id='line_1_1' title="bbox 609 1096 939 1181; baseline 0.003 -4"><span class='ocrx_word' id='word_1_1' title='bbox 609 1096 939 1181; x_wconf 83' lang='lat' dir='ltr'><strong>GONGLUSIO</strong></span> 
     </span>
    </p>
   </div>
   <div class='ocr_carea' id='block_1_2' title="bbox 201 1668 1345 1892">
    <p class='ocr_par' dir='ltr' id='par_1_2' title="bbox 201 1668 1345 1892">
     <span class='ocr_line' id='line_1_2' title="bbox 253 1668 1345 1769; baseline 0.003 -28"><span class='ocrx_word' id='word_1_2' title='bbox 253 1669 339 1756; x_wconf 72' lang='lat' dir='ltr'>Quae</span> <span class='ocrx_word' id='word_1_3' title='bbox 356 1668 600 1766; x_wconf 83' lang='lat' dir='ltr'>Schellingius</span> <span class='ocrx_word' id='word_1_4' title='bbox 621 1669 769 1764; x_wconf 85' lang='lat' dir='ltr'>Hegelio</span> <span class='ocrx_word' id='word_1_5' title='bbox 786 1670 918 1768; x_wconf 82' lang='lat' dir='ltr'>objecit</span> <span class='ocrx_word' id='word_1_6' title='bbox 937 1671 1021 1746; x_wconf 89' lang='lat' dir='ltr'>licet</span> <span class='ocrx_word' id='word_1_7' title='bbox 1040 1697 1061 1745; x_wconf 91' lang='lat' dir='ltr'>a</span> <span class='ocrx_word' id='word_1_8' title='bbox 1081 1671 1345 1769; x_wconf 86' lang='lat' dir='ltr'>schellingiana</span> 
     </span>
     <span class='ocr_line' id='line_1_3' title="bbox 201 1792 1344 1892; baseline 0.003 -26"><span class='ocrx_word' id='word_1_9' title='bbox 201 1792 405 1890; x_wconf 89' lang='lat' dir='ltr'>posteriore</span> <span class='ocrx_word' id='word_1_10' title='bbox 441 1793 608 1866; x_wconf 91' lang='lat' dir='ltr'>doctrina</span> <span class='ocrx_word' id='word_1_11' title='bbox 643 1793 832 1884; x_wconf 88' lang='lat' dir='ltr'>detrahas;</span> <span class='ocrx_word' id='word_1_12' title='bbox 870 1796 907 1867; x_wconf 94' lang='lat' dir='ltr'>in</span> <span class='ocrx_word' id='word_1_13' title='bbox 945 1820 983 1869; x_wconf 90' lang='lat' dir='ltr'>se</span> <span class='ocrx_word' id='word_1_14' title='bbox 1012 1802 1137 1869; x_wconf 90' lang='lat' dir='ltr'>tamen</span> <span class='ocrx_word' id='word_1_15' title='bbox 1171 1802 1344 1892; x_wconf 79' lang='lat' dir='ltr'>spectata,</span> 
     </span>
    </p>
   </div>
   <div class='ocr_carea' id='block_1_3' title="bbox 184 1918 1351 4258">
    <p class='ocr_par' dir='ltr' id='par_1_3' title="bbox 184 1918 1351 3882">
     <span class='ocr_line' id='line_1_4' title="bbox 202 1918 1349 2016; baseline 0.003 -27"><span class='ocrx_word' id='word_1_16' title='bbox 202 1921 312 1990; x_wconf 88' lang='lat' dir='ltr'>acuta</span> <span class='ocrx_word' id='word_1_17' title='bbox 353 1923 388 1990; x_wconf 89' lang='lat' dir='ltr'>et</span> <span class='ocrx_word' id='word_1_18' title='bbox 427 1918 671 2013; x_wconf 82' lang='lat' dir='ltr'>significantia</span> <span class='ocrx_word' id='word_1_19' title='bbox 713 1943 809 2015; x_wconf 88' lang='lat' dir='ltr'>saepe</span> <span class='ocrx_word' id='word_1_20' title='bbox 847 1920 1082 1993; x_wconf 87' lang='lat' dir='ltr'>videbuntur.</span> <span class='ocrx_word' id='word_1_21' title='bbox 1129 1920 1216 1992; x_wconf 88' lang='lat' dir='ltr'>lnde</span> <span class='ocrx_word' id='word_1_22' title='bbox 1249 1925 1349 2016; x_wconf 89' lang='lat' dir='ltr'>patet</span> 
     </span>
     <span class='ocr_line' id='line_1_5' title="bbox 202 2040 1344 2141; baseline 0.004 -28"><span class='ocrx_word' id='word_1_23' title='bbox 202 2040 438 2138; x_wconf 84' lang='lat' dir='ltr'>hegelianam</span> <span class='ocrx_word' id='word_1_24' title='bbox 475 2042 764 2138; x_wconf 81' lang='lat' dir='ltr'>philosophiam,</span> <span class='ocrx_word' id='word_1_25' title='bbox 815 2067 898 2117; x_wconf 92' lang='lat' dir='ltr'>cum</span> <span class='ocrx_word' id='word_1_26' title='bbox 932 2068 1049 2141; x_wconf 81' lang='lat' dir='ltr'>nuper</span> <span class='ocrx_word' id='word_1_27' title='bbox 1082 2044 1344 2141; x_wconf 77' lang='lat' dir='ltr'>praevaluisset,</span> 
     </span>
     <span class='ocr_line' id='line_1_6' title="bbox 204 2165 1349 2264; baseline 0.003 -26"><span class='ocrx_word' id='word_1_28' title='bbox 204 2165 447 2239; x_wconf 87' lang='lat' dir='ltr'>nihilominus</span> <span class='ocrx_word' id='word_1_29' title='bbox 467 2166 544 2263; x_wconf 86' lang='lat' dir='ltr'>jam</span> <span class='ocrx_word' id='word_1_30' title='bbox 574 2191 655 2240; x_wconf 92' lang='lat' dir='ltr'>eam</span> <span class='ocrx_word' id='word_1_31' title='bbox 673 2191 765 2256; x_wconf 82' lang='lat' dir='ltr'>esse,</span> <span class='ocrx_word' id='word_1_32' title='bbox 783 2191 863 2262; x_wconf 89' lang='lat' dir='ltr'>quae</span> <span class='ocrx_word' id='word_1_33' title='bbox 880 2192 953 2241; x_wconf 89' lang='lat' dir='ltr'>non</span> <span class='ocrx_word' id='word_1_34' title='bbox 974 2168 1142 2241; x_wconf 84' lang='lat' dir='ltr'>sufficere</span> <span class='ocrx_word' id='word_1_35' title='bbox 1159 2169 1288 2264; x_wconf 87' lang='lat' dir='ltr'>possit,</span> <span class='ocrx_word' id='word_1_36' title='bbox 1312 2174 1349 2241; x_wconf 88' lang='lat' dir='ltr'>et</span> 
     </span>
     <span class='ocr_line' id='line_1_7' title="bbox 204 2289 1347 2389; baseline 0.003 -27"><span class='ocrx_word' id='word_1_37' title='bbox 204 2315 284 2385; x_wconf 81' lang='lat' dir='ltr'>quae</span> <span class='ocrx_word' id='word_1_38' title='bbox 310 2289 356 2364; x_wconf 90' lang='lat' dir='ltr'>ad</span> <span class='ocrx_word' id='word_1_39' title='bbox 381 2290 532 2364; x_wconf 86' lang='lat' dir='ltr'>exitium</span> <span class='ocrx_word' id='word_1_40' title='bbox 558 2292 695 2364; x_wconf 88' lang='lat' dir='ltr'>tendat.</span> <span class='ocrx_word' id='word_1_41' title='bbox 718 2292 884 2365; x_wconf 81' lang='lat' dir='ltr'>Profecto</span> <span class='ocrx_word' id='word_1_42' title='bbox 908 2294 1066 2388; x_wconf 93' lang='lat' dir='ltr'>quodam</span> <span class='ocrx_word' id='word_1_43' title='bbox 1092 2293 1203 2366; x_wconf 93' lang='lat' dir='ltr'>modo</span> <span class='ocrx_word' id='word_1_44' title='bbox 1226 2299 1347 2389; x_wconf 91' lang='lat' dir='ltr'>poste-</span> 
     </span>
     <span class='ocr_line' id='line_1_8' title="bbox 204 2414 1342 2514; baseline 0 -27"><span class='ocrx_word' id='word_1_45' title='bbox 204 2417 280 2488; x_wconf 83' lang='lat' dir='ltr'>rior</span> <span class='ocrx_word' id='word_1_46' title='bbox 305 2414 367 2487; x_wconf 89' lang='lat' dir='ltr'>illa</span> <span class='ocrx_word' id='word_1_47' title='bbox 389 2415 600 2512; x_wconf 86' lang='lat' dir='ltr'>Schellingii</span> <span class='ocrx_word' id='word_1_48' title='bbox 621 2416 788 2489; x_wconf 90' lang='lat' dir='ltr'>doctrina</span> <span class='ocrx_word' id='word_1_49' title='bbox 808 2418 853 2489; x_wconf 90' lang='lat' dir='ltr'>ad</span> <span class='ocrx_word' id='word_1_50' title='bbox 873 2418 944 2490; x_wconf 85' lang='lat' dir='ltr'>hoc</span> <span class='ocrx_word' id='word_1_51' title='bbox 968 2418 1164 2491; x_wconf 85' lang='lat' dir='ltr'>artificium</span> <span class='ocrx_word' id='word_1_52' title='bbox 1184 2416 1342 2514; x_wconf 78' lang='lat' dir='ltr'>regredi,</span> 
     </span>
     <span class='ocr_line' id='line_1_9' title="bbox 205 2540 1348 2639; baseline 0.001 -26"><span class='ocrx_word' id='word_1_53' title='bbox 205 2564 272 2636; x_wconf 90' lang='lat' dir='ltr'>per</span> <span class='ocrx_word' id='word_1_54' title='bbox 295 2542 392 2636; x_wconf 94' lang='lat' dir='ltr'>quod</span> <span class='ocrx_word' id='word_1_55' title='bbox 418 2540 455 2612; x_wconf 92' lang='lat' dir='ltr'>in</span> <span class='ocrx_word' id='word_1_56' title='bbox 473 2542 726 2637; x_wconf 72' lang='lat' dir='ltr'>metaphysica</span> <span class='ocrx_word' id='word_1_57' title='bbox 745 2547 818 2614; x_wconf 89' lang='lat' dir='ltr'>tam</span> <span class='ocrx_word' id='word_1_58' title='bbox 841 2542 956 2614; x_wconf 90' lang='lat' dir='ltr'>multa</span> <span class='ocrx_word' id='word_1_59' title='bbox 976 2542 1063 2639; x_wconf 87' lang='lat' dir='ltr'>joco</span> <span class='ocrx_word' id='word_1_60' title='bbox 1084 2540 1242 2638; x_wconf 87' lang='lat' dir='ltr'>quodam</span> <span class='ocrx_word' id='word_1_61' title='bbox 1266 2567 1348 2636; x_wconf 87' lang='lat' dir='ltr'>sup-</span> 
     </span>
     <span class='ocr_line' id='line_1_10' title="bbox 184 2667 1348 2763; baseline -0.002 -24"><span class='ocrx_word' id='word_1_62' title='bbox 184 2671 402 2762; x_wconf 83' lang='lat' dir='ltr'>ponuntur,</span> <span class='ocrx_word' id='word_1_63' title='bbox 432 2671 467 2738; x_wconf 85' lang='lat' dir='ltr'>et</span> <span class='ocrx_word' id='word_1_64' title='bbox 499 2668 620 2738; x_wconf 86' lang='lat' dir='ltr'>minus</span> <span class='ocrx_word' id='word_1_65' title='bbox 645 2667 779 2738; x_wconf 87' lang='lat' dir='ltr'>acriter</span> <span class='ocrx_word' id='word_1_66' title='bbox 799 2674 836 2737; x_wconf 90' lang='lat' dir='ltr'>et</span> <span class='ocrx_word' id='word_1_67' title='bbox 863 2667 1007 2763; x_wconf 81' lang='lat' dir='ltr'>egregie</span> <span class='ocrx_word' id='word_1_68' title='bbox 1032 2667 1225 2763; x_wconf 88' lang='lat' dir='ltr'>pristinam</span> <span class='ocrx_word' id='word_1_69' title='bbox 1252 2668 1348 2763; x_wconf 86' lang='lat' dir='ltr'>cogi-</span> 
     </span>
     <span class='ocr_line' id='line_1_11' title="bbox 204 2790 1347 2887; baseline -0.003 -22"><span class='ocrx_word' id='word_1_70' title='bbox 204 2790 306 2865; x_wconf 88' lang='lat' dir='ltr'>tandi</span> <span class='ocrx_word' id='word_1_71' title='bbox 340 2791 522 2863; x_wconf 82' lang='lat' dir='ltr'>rationem</span> <span class='ocrx_word' id='word_1_72' title='bbox 561 2791 767 2886; x_wconf 87' lang='lat' dir='ltr'>producere</span> <span class='ocrx_word' id='word_1_73' title='bbox 798 2790 953 2863; x_wconf 85' lang='lat' dir='ltr'>videtur.</span> <span class='ocrx_word' id='word_1_74' title='bbox 992 2790 1095 2876; x_wconf 83' lang='lat' dir='ltr'>Quod</span> <span class='ocrx_word' id='word_1_75' title='bbox 1131 2793 1160 2863; x_wconf 94' lang='lat' dir='ltr'>si</span> <span class='ocrx_word' id='word_1_76' title='bbox 1200 2791 1347 2887; x_wconf 90' lang='lat' dir='ltr'>quidem</span> 
     </span>
     <span class='ocr_line' id='line_1_12' title="bbox 206 2913 1349 3011; baseline -0.002 -22"><span class='ocrx_word' id='word_1_77' title='bbox 206 2913 452 3010; x_wconf 82' lang='lat' dir='ltr'>Schellingius</span> <span class='ocrx_word' id='word_1_78' title='bbox 477 2938 571 2987; x_wconf 90' lang='lat' dir='ltr'>nova</span> <span class='ocrx_word' id='word_1_79' title='bbox 593 2914 761 3009; x_wconf 75' lang='lat' dir='ltr'>quadam</span> <span class='ocrx_word' id='word_1_80' title='bbox 787 2915 824 2986; x_wconf 92' lang='lat' dir='ltr'>in</span> <span class='ocrx_word' id='word_1_81' title='bbox 854 2915 1014 2988; x_wconf 89' lang='lat' dir='ltr'>medium</span> <span class='ocrx_word' id='word_1_82' title='bbox 1042 2916 1193 3011; x_wconf 83' lang='lat' dir='ltr'>profert,</span> <span class='ocrx_word' id='word_1_83' title='bbox 1221 2916 1349 2988; x_wconf 85' lang='lat' dir='ltr'>formis</span> 
     </span>
     <span class='ocr_line' id='line_1_13' title="bbox 205 3038 1351 3138; baseline 0.001 -26"><span class='ocrx_word' id='word_1_84' title='bbox 205 3040 341 3137; x_wconf 73' lang='lat' dir='ltr'>saepius</span> <span class='ocrx_word' id='word_1_85' title='bbox 362 3040 478 3114; x_wconf 89' lang='lat' dir='ltr'>utitur</span> <span class='ocrx_word' id='word_1_86' title='bbox 493 3040 570 3138; x_wconf 84' lang='lat' dir='ltr'>jam</span> <span class='ocrx_word' id='word_1_87' title='bbox 597 3062 618 3111; x_wconf 87' lang='lat' dir='ltr'>a</span> <span class='ocrx_word' id='word_1_88' title='bbox 647 3063 686 3112; x_wconf 91' lang='lat' dir='ltr'>se</span> <span class='ocrx_word' id='word_1_89' title='bbox 713 3038 902 3111; x_wconf 80' lang='lat' dir='ltr'>adhibitis.</span> <span class='ocrx_word' id='word_1_90' title='bbox 922 3039 1041 3126; x_wconf 81' lang='lat' dir='ltr'>Quare</span> <span class='ocrx_word' id='word_1_91' title='bbox 1065 3039 1267 3113; x_wconf 90' lang='lat' dir='ltr'>verisimile</span> <span class='ocrx_word' id='word_1_92' title='bbox 1294 3046 1351 3113; x_wconf 89' lang='lat' dir='ltr'>est</span> 
     </span>
     <span class='ocr_line' id='line_1_14' title="bbox 206 3163 1348 3260; baseline 0.003 -25"><span class='ocrx_word' id='word_1_93' title='bbox 206 3164 303 3254; x_wconf 85' lang='lat' dir='ltr'>illos,</span> <span class='ocrx_word' id='word_1_94' title='bbox 331 3163 391 3259; x_wconf 92' lang='lat' dir='ltr'>qui</span> <span class='ocrx_word' id='word_1_95' title='bbox 413 3164 709 3260; x_wconf 86' lang='lat' dir='ltr'>metaphysicum</span> <span class='ocrx_word' id='word_1_96' title='bbox 726 3163 866 3252; x_wconf 88' lang='lat' dir='ltr'>ludum,</span> <span class='ocrx_word' id='word_1_97' title='bbox 886 3169 922 3237; x_wconf 92' lang='lat' dir='ltr'>et</span> <span class='ocrx_word' id='word_1_98' title='bbox 938 3163 1042 3237; x_wconf 90' lang='lat' dir='ltr'>illum</span> <span class='ocrx_word' id='word_1_99' title='bbox 1062 3165 1257 3260; x_wconf 64' lang='lat' dir='ltr'>imprimis</span> <span class='ocrx_word' id='word_1_100' title='bbox 1277 3189 1348 3260; x_wconf 92' lang='lat' dir='ltr'>quo</span> 
     </span>
     <span class='ocr_line' id='line_1_15' title="bbox 207 3287 1348 3386; baseline 0 -24"><span class='ocrx_word' id='word_1_101' title='bbox 207 3288 452 3384; x_wconf 81' lang='lat' dir='ltr'>Schellingius</span> <span class='ocrx_word' id='word_1_102' title='bbox 478 3287 622 3386; x_wconf 80' lang='lat' dir='ltr'>gaudet,</span> <span class='ocrx_word' id='word_1_103' title='bbox 647 3287 768 3361; x_wconf 90' lang='lat' dir='ltr'>minus</span> <span class='ocrx_word' id='word_1_104' title='bbox 790 3288 959 3383; x_wconf 86' lang='lat' dir='ltr'>probant,</span> <span class='ocrx_word' id='word_1_105' title='bbox 979 3290 1223 3384; x_wconf 70' lang='lat' dir='ltr'>posteriorem</span> <span class='ocrx_word' id='word_1_106' title='bbox 1254 3290 1348 3362; x_wconf 90' lang='lat' dir='ltr'>hanc</span> 
     </span>
     <span class='ocr_line' id='line_1_16' title="bbox 207 3412 1347 3510; baseline 0.002 -26"><span class='ocrx_word' id='word_1_107' title='bbox 207 3412 478 3509; x_wconf 88' lang='lat' dir='ltr'>philosophiam</span> <span class='ocrx_word' id='word_1_108' title='bbox 499 3413 675 3510; x_wconf 86' lang='lat' dir='ltr'>peculiari</span> <span class='ocrx_word' id='word_1_109' title='bbox 697 3412 816 3487; x_wconf 90' lang='lat' dir='ltr'>studio</span> <span class='ocrx_word' id='word_1_110' title='bbox 837 3413 1007 3509; x_wconf 89' lang='lat' dir='ltr'>prosequi</span> <span class='ocrx_word' id='word_1_111' title='bbox 1031 3437 1104 3486; x_wconf 91' lang='lat' dir='ltr'>non</span> <span class='ocrx_word' id='word_1_112' title='bbox 1119 3437 1241 3510; x_wconf 87' lang='lat' dir='ltr'>posse.</span> <span class='ocrx_word' id='word_1_113' title='bbox 1261 3414 1347 3501; x_wconf 81' lang='lat' dir='ltr'>Quae</span> 
     </span>
     <span class='ocr_line' id='line_1_17' title="bbox 205 3536 1350 3634; baseline 0.002 -25"><span class='ocrx_word' id='word_1_114' title='bbox 205 3542 328 3610; x_wconf 90' lang='lat' dir='ltr'>tamen</span> <span class='ocrx_word' id='word_1_115' title='bbox 345 3539 532 3611; x_wconf 86' lang='lat' dir='ltr'>veteribus</span> <span class='ocrx_word' id='word_1_116' title='bbox 548 3539 694 3633; x_wconf 87' lang='lat' dir='ltr'>quidem</span> <span class='ocrx_word' id='word_1_117' title='bbox 717 3536 884 3611; x_wconf 86' lang='lat' dir='ltr'>lormulis</span> <span class='ocrx_word' id='word_1_118' title='bbox 908 3562 1043 3611; x_wconf 89' lang='lat' dir='ltr'>novum</span> <span class='ocrx_word' id='word_1_119' title='bbox 1066 3538 1234 3611; x_wconf 88' lang='lat' dir='ltr'>ordinem</span> <span class='ocrx_word' id='word_1_120' title='bbox 1257 3563 1350 3634; x_wconf 81' lang='lat' dir='ltr'>prae-</span> 
     </span>
     <span class='ocr_line' id='line_1_18' title="bbox 205 3662 1350 3760; baseline 0.003 -28"><span class='ocrx_word' id='word_1_121' title='bbox 205 3662 362 3750; x_wconf 85' lang='lat' dir='ltr'>nuntiat,</span> <span class='ocrx_word' id='word_1_122' title='bbox 388 3664 490 3760; x_wconf 89' lang='lat' dir='ltr'>cujus</span> <span class='ocrx_word' id='word_1_123' title='bbox 510 3668 642 3736; x_wconf 91' lang='lat' dir='ltr'>natura</span> <span class='ocrx_word' id='word_1_124' title='bbox 662 3687 704 3735; x_wconf 87' lang='lat' dir='ltr'>ea</span> <span class='ocrx_word' id='word_1_125' title='bbox 720 3670 787 3752; x_wconf 82' lang='lat' dir='ltr'>est,</span> <span class='ocrx_word' id='word_1_126' title='bbox 816 3669 854 3736; x_wconf 91' lang='lat' dir='ltr'>ut</span> <span class='ocrx_word' id='word_1_127' title='bbox 883 3662 976 3736; x_wconf 87' lang='lat' dir='ltr'>lacta</span> <span class='ocrx_word' id='word_1_128' title='bbox 994 3669 1031 3736; x_wconf 92' lang='lat' dir='ltr'>et</span> <span class='ocrx_word' id='word_1_129' title='bbox 1050 3687 1111 3736; x_wconf 90' lang='lat' dir='ltr'>res</span> <span class='ocrx_word' id='word_1_130' title='bbox 1127 3662 1217 3758; x_wconf 78' lang='lat' dir='ltr'>ipsae</span> <span class='ocrx_word' id='word_1_131' title='bbox 1233 3664 1350 3760; x_wconf 82' lang='lat' dir='ltr'>magis</span> 
     </span>
     <span class='ocr_line' id='line_1_19' title="bbox 205 3786 461 3882; baseline 0.016 -26"><span class='ocrx_word' id='word_1_132' title='bbox 205 3786 461 3882; x_wconf 85' lang='lat' dir='ltr'>respiciantur.</span> 
     </span>
    </p>

    <p class='ocr_par' dir='ltr' id='par_1_4' title="bbox 204 3910 1351 4258">
     <span class='ocr_line' id='line_1_20' title="bbox 253 3910 1349 4008; baseline 0.001 -25"><span class='ocrx_word' id='word_1_133' title='bbox 253 3910 356 3996; x_wconf 82' lang='lat' dir='ltr'>Quod</span> <span class='ocrx_word' id='word_1_134' title='bbox 380 3912 410 3983; x_wconf 91' lang='lat' dir='ltr'>si</span> <span class='ocrx_word' id='word_1_135' title='bbox 437 3911 534 3983; x_wconf 90' lang='lat' dir='ltr'>enim</span> <span class='ocrx_word' id='word_1_136' title='bbox 565 3910 664 3983; x_wconf 88' lang='lat' dir='ltr'>illam</span> <span class='ocrx_word' id='word_1_137' title='bbox 693 3912 900 4008; x_wconf 82' lang='lat' dir='ltr'>theologica</span> <span class='ocrx_word' id='word_1_138' title='bbox 925 3911 1046 4008; x_wconf 86' lang='lat' dir='ltr'>specie</span> <span class='ocrx_word' id='word_1_139' title='bbox 1071 3911 1252 4000; x_wconf 71' lang='lat' dir='ltr'>destituis,</span> <span class='ocrx_word' id='word_1_140' title='bbox 1278 3936 1349 4007; x_wconf 92' lang='lat' dir='ltr'>qua</span> 
     </span>
     <span class='ocr_line' id='line_1_21' title="bbox 204 4033 1351 4131; baseline 0.002 -26"><span class='ocrx_word' id='word_1_141' title='bbox 204 4033 353 4128; x_wconf 89' lang='lat' dir='ltr'>quidam</span> <span class='ocrx_word' id='word_1_142' title='bbox 378 4035 475 4131; x_wconf 89' lang='lat' dir='ltr'>capti</span> <span class='ocrx_word' id='word_1_143' title='bbox 498 4035 740 4109; x_wconf 86' lang='lat' dir='ltr'>christianam</span> <span class='ocrx_word' id='word_1_144' title='bbox 761 4035 942 4110; x_wconf 86' lang='lat' dir='ltr'>libertatis</span> <span class='ocrx_word' id='word_1_145' title='bbox 964 4036 1170 4109; x_wconf 85' lang='lat' dir='ltr'>doctrinam</span> <span class='ocrx_word' id='word_1_146' title='bbox 1187 4035 1351 4108; x_wconf 89' lang='lat' dir='ltr'>institue·</span> 
     </span>
     <span class='ocr_line' id='line_1_22' title="bbox 204 4159 1348 4258; baseline 0.003 -29"><span class='ocrx_word' id='word_1_147' title='bbox 204 4163 290 4231; x_wconf 88' lang='lat' dir='ltr'>runt</span> <span class='ocrx_word' id='word_1_148' title='bbox 310 4160 333 4247; x_wconf 83' lang='lat'>¹,</span> <span class='ocrx_word' id='word_1_149' title='bbox 354 4160 425 4232; x_wconf 89' lang='lat' dir='ltr'>hoc</span> <span class='ocrx_word' id='word_1_150' title='bbox 445 4159 627 4256; x_wconf 88' lang='lat' dir='ltr'>imprimis</span> <span class='ocrx_word' id='word_1_151' title='bbox 648 4166 812 4255; x_wconf 88' lang='lat' dir='ltr'>superest</span> <span class='ocrx_word' id='word_1_152' title='bbox 830 4165 866 4234; x_wconf 90' lang='lat' dir='ltr'>et</span> <span class='ocrx_word' id='word_1_153' title='bbox 881 4167 1047 4258; x_wconf 87' lang='lat' dir='ltr'>apparet,</span> <span class='ocrx_word' id='word_1_154' title='bbox 1067 4162 1118 4234; x_wconf 88' lang='lat' dir='ltr'>ita</span> <span class='ocrx_word' id='word_1_155' title='bbox 1137 4159 1348 4233; x_wconf 91' lang='lat' dir='ltr'>inchoatam</span> 
     </span>
    </p>
   </div>
   <div class='ocr_carea' id='block_1_4' title="bbox 236 4444 907 4511">
    <p class='ocr_par' dir='ltr' id='par_1_5' title="bbox 236 4444 907 4511">
     <span class='ocr_line' id='line_1_23' title="bbox 236 4444 907 4511; baseline 0.003 -20"><span class='ocrx_word' id='word_1_156' title='bbox 236 4446 258 4492; x_wconf 90' lang='lat' dir='ltr'>l.</span> <span class='ocrx_word' id='word_1_157' title='bbox 277 4444 321 4492; x_wconf 86' lang='lat' dir='ltr'>Ch.</span> <span class='ocrx_word' id='word_1_158' title='bbox 339 4445 475 4508; x_wconf 73' lang='lat' dir='ltr'>Semelen,</span> <span class='ocrx_word' id='word_1_159' title='bbox 492 4445 528 4495; x_wconf 81' lang='lat' dir='ltr'>la</span> <span class='ocrx_word' id='word_1_160' title='bbox 535 4444 705 4511; x_wconf 78' lang='lat' dir='ltr'>philosophie</span> <span class='ocrx_word' id='word_1_161' title='bbox 715 4445 748 4495; x_wconf 86' lang='lat' dir='ltr'>dc</span> <span class='ocrx_word' id='word_1_162' title='bbox 765 4445 793 4496; x_wconf 85' lang='lat' dir='ltr'>ta</span> <span class='ocrx_word' id='word_1_163' title='bbox 806 4444 907 4495; x_wconf 69' lang='lat' dir='ltr'>liberta</span> 
     </span>
    </p>
   </div>
   <div class='ocr_carea' id='block_1_5' title="bbox 0 0 1611 5056">
    <p class='ocr_par' dir='ltr' id='par_1_6' title="bbox 0 0 1611 5056">
     <span class='ocr_line' id='line_1_24' title="bbox 0 0 1611 5056; baseline 0 0"><span class='ocrx_word' id='word_1_164' title='bbox 0 0 1611 5056; x_wconf 95' lang='lat' dir='ltr'> </span> 
     </span>
    </p>
   </div>
  </div>
 </body>
</html>
