3198 5056
253 387 286 440 56
431 388 477 441 DE
501 387 720 441 POSTERIORE
745 386 965 442 SCHELLINGII
987 384 1222 441 PHILOSOPHIA

255 541 393 636 impetu
405 537 647 632 abripiuntur,
661 538 737 633 ipse
751 561 838 610 vero
850 534 975 610 aridus
987 560 1065 609 esse
1075 541 1229 608 suaarte
1239 535 1396 631 cogitur.
1471 521 1473 525 ⁵

255 663 366 749 Licet,
399 662 429 733 si
462 660 542 757 quis
571 685 695 734 secum
726 662 928 734 sententias
959 660 1061 757 quasi
1091 660 1216 732 ebrius
1244 658 1394 746 volutet,

128 826 131 829 ·
252 791 369 876 nutet,
388 809 461 858 nou
478 787 506 857 si
524 787 606 882 quis
618 786 766 883 jejunus
787 791 920 859 natura
935 786 994 874 sit,
1018 789 1055 858 et
1077 807 1116 857 se
1127 783 1296 881 jejunum
1316 806 1396 855 esse

253 910 507 1007 profiteatur¹.

305 1040 487 1110 Praeterea
513 1061 587 1110 non
618 1060 762 1109 ecesse
787 1035 896 1107 dehet
916 1031 1130 1123 Relligionis
1146 1032 1398 1129 philosophia,
1436 1031 1439 1036 ’

254 1187 335 1258 quae
369 1167 487 1235 totum
509 1161 605 1234 illius
629 1184 764 1256 corpus
786 1159 833 1241 in,
855 1157 1073 1232 rationalem
1097 1156 1302 1229 doctrinam
1328 1156 1398 1228 im-

253 1286 382 1380 plicet;
420 1285 512 1357 nihil
540 1285 603 1357 illo
638 1282 841 1379 disciplina
871 1305 1006 1377 genere
1036 1280 1180 1353 inanius
1200 1285 1265 1369 est,
1284 1280 1395 1376 quod,

257 1410 469 1506 Rolligionis
488 1406 723 1482 enucleandae
740 1431 863 1496 causa,
881 1411 997 1479 totam
1017 1405 1117 1479 illam
1134 1403 1180 1477 ad
1199 1411 1399 1500 conceptus

255 1532 398 1630 redigit.
413 1534 514 1607 Tunc
528 1531 661 1621 evenit,
676 1538 713 1604 ut
724 1531 979 1626 Rolligionem,
994 1530 1110 1626 qualis
1122 1530 1219 1624 apud
1229 1529 1400 1601 homines

79 1686 81 1692 ’
174 1743 176 1746 Α
253 1657 419 1754 viguerit,
451 1681 525 1730 non
556 1655 780 1743 consideres
816 1654 1058 1750 Rolligionem
1090 1660 1213 1726 autem
1243 1654 1397 1726 alteram

240 1781 490 1870 machineris,
514 1806 594 1877 quae
612 1781 766 1854 tortasse
782 1778 898 1876 magis
914 1802 1005 1875 pura
1020 1802 1099 1850 esse
1110 1778 1171 1887 vel
1186 1776 1312 1866 videri,
1334 1779 1396 1849 sed

254 1930 327 1979 non
347 1907 489 1979 animos
509 1905 673 1978 imbuere
694 1903 820 2000 possit,
842 1904 976 1999 quippe
993 1927 1071 1998 quae
1084 1901 1160 1999 jam
1177 1925 1250 1974 non
1272 1925 1315 1974 ea
1336 1902 1396 1991 sit,

253 2030 348 2102 unde
373 2031 543 2102 homines
569 2028 739 2101 vixerint.
768 2027 944 2101 Crederes
968 2051 989 2099 a
1012 2028 1144 2099 llantio
1166 2026 1263 2098 hunc
1288 2025 1399 2098 Relli-
1428 2071 1430 2075 -

254 2155 371 2251 gionis
386 2153 622 2249 expediendae
638 2153 789 2226 mudum
807 2151 907 2236 intra
917 2150 1069 2224 rationis
1084 2151 1176 2222 fines
1194 2150 1396 2246 perlectum
1415 2134 1419 2139 ’

227 2279 362 2351 simul
395 2303 473 2351 esse
505 2285 541 2350 et
575 2284 884 2351 consummatum.
922 2274 995 2349 Sed
1023 2274 1194 2371 Hegelius
1222 2274 1320 2346 idem
1353 2273 1397 2346 de

254 2405 396 2500 integro
420 2402 569 2475 molitus
592 2412 659 2491 est,
685 2400 852 2474 adhibita
876 2406 952 2473 arte
974 2402 1133 2496 quadam
1157 2399 1394 2486 scholastica;

254 2527 336 2601 inde
366 2526 608 2623 Relligion‘em
641 2527 807 2621 corrupit
847 2531 883 2598 et
920 2523 1141 2598 extenuavit.
1174 2525 1262 2595 Jure
1296 2523 1396 2595 dicas

154 2750 155 2753 Ἴ
254 2651 487 2751 hegelianam
521 2649 733 2746 Relligionis
763 2649 1037 2746 philosophiam
1067 2649 1113 2722 ad
1134 2647 1396 2720 revelationem

252 2777 508 2848 tantummodo
534 2779 765 2869 conceptam,
791 2797 864 2846 nou
885 2772 930 2845 ad
955 2797 1050 2861 eam,
1068 2797 1149 2867 quse
1174 2794 1301 2844 revera
1331 2769 1398 2844 luit

252 2899 456 2995 pertinere;
475 2898 526 2971 ita
538 2897 662 2987 utilla,
679 2922 758 2994 quae
779 2898 815 2969 in
832 2897 1115 2970 Christianismo
1131 2896 1268 2981 insunt,
1285 2895 1397 2967 inter-

254 3029 430 3120 pretetur,
449 3023 551 3119 quasi
568 3048 586 3095 e
602 3023 704 3118 puris
720 3022 812 3094 ideis
828 3027 992 3106 manent,
1013 3027 1052 3094 ut
1066 3045 1210 3117 quoque
1226 3019 1298 3093 illis
1315 3044 1395 3092 eam
1475 3042 1478 3047 ·

251 3145 1395 3249 veramexistentiamadimat,quaemultumexislenliaelantum

250 3278 434 3368 conceptae
460 3276 619 3367 praestet.
648 3273 697 3344 Ea
716 3270 813 3343 enim
837 3276 894 3342 est
916 3271 1105 3358 revelatio,
1124 3294 1203 3365 quae
1219 3274 1396 3365 tanquam

250 3397 388 3469 tactum
411 3419 588 3492 apparere
612 3396 758 3483 debeat,
782 3395 879 3491 quod
901 3419 967 3489 per
990 3419 1027 3466 se
1046 3392 1205 3489 positum
1228 3393 1276 3466 sit
1295 3398 1399 3465 extra

249 3521 403 3592 rationis
432 3519 573 3609 modos,
601 3520 733 3615 quihus
762 3518 851 3590 illud
881 3519 1071 3613 explanes.
1090 3518 1320 3613 Conceptane
1349 3542 1395 3589 an

249 3667 333 3715 vera
360 3644 482 3740 potius
509 3643 723 3738 Redemptio
747 3641 880 3714 animis
904 3642 1080 3715 auxilium
1107 3642 1252 3715 attulit?
1271 3644 1397 3737 ltaque

250 3773 394 3863 oportet
432 3767 483 3841 ita
510 3766 724 3863 Relligionis
746 3765 1021 3863 philosophiam
1056 3765 1210 3854 institui,
1238 3772 1277 3839 ul
1312 3766 1395 3839 tacti

248 3900 417 3965 naturam
439 3890 647 3986 explicandi
667 3895 832 3979 tueatur;
855 3890 1043 3964 rationalis
1068 3890 1180 3986 igitur
1203 3889 1397 3986 disciplina

247 4041 320 4089 non
347 4014 515 4105 sullicit’3
542 4015 655 4087 immo
681 4016 876 4112 disciplina
908 4014 992 4088 talis
1022 4040 1101 4088 esse
1131 4015 1253 4105 dehet,
1272 4038 1395 4111 quaee

248 4139 436 4237 principiis
457 4139 608 4227 oriatur,
632 4140 764 4234 quihus
778 4137 936 4212 historia
951 4138 1147 4237 diligen-ter
1162 4141 1393 4226 observetur,

279 4348 302 4395 l.
320 4345 398 4407 thid,
413 4359 440 4409 p.
460 4346 569 4393 rat-122.
746 4394 748 4397 .

277 4427 300 4473 2.
319 4424 477 4488 Eialeitunq
490 4425 518 4472 in
532 4425 575 4473 die
591 4423 759 4490 Philosophia
773 4424 822 4472 der·
834 4421 1002 4486 Mytholopie,
1018 4424 1051 4485 ll,
1069 4439 1085 4482 ι,
1099 4437 1126 4486 p.
1143 4424 1196 4472 568.
