3198 5056
269 380 304 433 42
448 380 495 433 DE
519 377 738 465 Posruurouu
763 376 983 473 SCllElrhlllGll
1005 376 1242 432 PHILOSOPHIA

274 532 456 618 Ceterum,
481 529 543 602 ubi
563 504 737 623 Hegelius
758 552 823 624 per
849 527 1081 603 dialecticam
1105 532 1223 600 artem
1240 527 1417 622 pervenit,

272 659 311 727 ut
346 652 561 726 Absolutum
600 658 872 748 assequeretur,
904 660 1079 749 tanquam
1116 651 1360 741 existentiam,
1384 642 1422 724 et

268 777 530 874 cogitationem
543 778 580 849 in
597 803 636 850 se
652 778 846 874 colligens
865 802 938 851 non
959 776 1222 873 intellegimus,
1242 800 1307 850 cur
1325 777 1420 850 ultra

268 902 532 999 progrediatur.
551 878 702 992 Natura,
723 909 762 976 ut
777 901 924 976 dictitat
940 901 1125 997 Hegelius,
1149 901 1287 996 aliquid
1301 906 1358 973 eet
1372 903 1419 974 ab

184 1095 193 1111 ,
268 1024 1420 1123 ldeadelapsum.Quareautemitaaliquiddelabildeapatitur?

274 1153 392 1240 Quare
414 1152 500 1225 ldea
522 1153 616 1224 hanc
638 1152 877 1224 mutationem
905 1151 1071 1247 requirit,
1090 1174 1162 1246 qua
1177 1148 1418 1236 adulteratur,

274 1274 1421 1372 nisiquodreipsanaturaest,philosophusautemirrideretur

161 1395 164 1399 ’
273 1401 347 1495 qui,
374 1399 499 1494 logicis
523 1404 729 1489 contentus,
766 1406 907 1473 noturae
937 1417 1011 1472 non
1042 1398 1218 1472 studeret.
1253 1399 1420 1472 Ceterum

272 1525 356 1597 licet
377 1526 463 1596 ldea
486 1523 523 1595 in
545 1547 675 1596 novam
697 1523 859 1619 speciem
889 1528 1067 1621 permeet;
1088 1524 1299 1619 praescimus
1328 1523 1417 1612 lore,

272 1654 312 1722 ut
327 1626 366 1721 s'e
387 1649 466 1744 ipsa
481 1648 648 1744 recipiat,
668 1655 704 1720 et
724 1672 857 1721 revera
873 1672 909 1720 se
925 1649 1067 1743 recipit,
1086 1649 1131 1720 ad
1157 1654 1319 1720 mentem
1336 1649 1420 1719 inde

272 1797 480 1846 ascensura.
507 1772 628 1868 Atque
658 1796 924 1869 supervacuum
959 1780 1013 1845 est
1042 1773 1264 1846 contendere
1296 1774 1420 1844 ideam

273 1898 337 1970 tali
352 1921 478 1970 errore
496 1897 668 1993 seipsam
684 1899 924 1986 confirmare;
943 1921 1075 1993 nempe
1090 1921 1165 1970 non
1177 1902 1291 1993 patet,
1309 1921 1421 1991 quam

275 2023 321 2095 oh
337 2045 485 2093 causam
508 2045 583 2093 non
601 2045 746 2117 semper
767 2045 922 2119 peregre
938 2022 996 2108 sit,
1018 2045 1101 2094 cum
1118 2022 1167 2093 ita
1184 2022 1220 2092 in
1239 2020 1422 2092 inlinitum

276 2123 530 2219 confirmanda
546 2145 762 2219 rideretur¹.

323 2270 395 2343 Sed
413 2271 567 2343 sortasse
585 2270 714 2351 melius
734 2270 937 2367 intellegas
956 2278 1134 2366 quantum
1156 2269 1193 2342 iu
1215 2295 1326 2366 opere
1343 2271 1424 2343 elfi-

277 2396 405 2467 ciendo
433 2396 607 2490 Hegelius
632 2396 852 2491 peccaverit,
870 2396 899 2467 si
916 2401 1035 2469 tecum
1056 2401 1217 2490 reputes,
1238 2395 1422 2489 quomodo

274 2519 579 2615 schellingianam
606 2519 877 2616 philosophiam
905 2519 1070 2593 imitatus
1097 2519 1246 2614 quidem
1271 2521 1332 2608 sit,
1358 2519 1422 2592 sed

262 2644 383 2717 wsimul
412 2644 684 2748 deformaverit.
708 2646 848 2739 Nempe
878 2645 1055 2717 docuerat
1078 2643 1335 2740 Schellingius,
1353 2667 1424 2739 qua

275 2774 354 2840 arte
378 2769 587 2841 ahsolulum
618 2767 825 2864 subjectum
857 2768 893 2839 in
917 2768 1100 2864 objectum
1126 2792 1207 2840 sese
1233 2767 1421 2855 immittat,

274 2892 337 2964 sed
357 2893 419 2979 ita,
434 2897 477 2963 ut
502 2890 547 2963 ad
570 2915 608 2963 so
635 2898 763 2987 postea
787 2891 926 2980 redeat,
951 2891 1108 2987 ideoque
1134 2894 1249 2963 menli
1275 2891 1422 2987 propius

277 3016 353 3104 liat,
386 3017 503 3089 donec
535 3015 640 3088 inse
679 3023 909 3111 postremum
939 3016 1164 3111 acquiescat,
1200 3040 1318 3111 neque
1345 3016 1423 3112 jam

276 3141 432 3236 amplius
452 3140 488 3213 in
513 3139 646 3237 objecti
666 3141 826 3235 speciem
847 3140 939 3213 verti
965 3142 1093 3236 possit.
1113 3142 1213 3212 ldem
1235 3138 1423 3212 contendit

274 3266 449 3360 >Hegelius
477 3271 709 3360 conceptum,
740 3271 935 3361 postquam
968 3289 1033 3361 per
1060 3264 1192 3345 varias,
1215 3289 1296 3359 quae
1320 3265 1423 3336 illurn

279 3389 395 3485 magis
422 3413 464 3462 ac
489 3389 609 3486 magis
630 3389 853 3484 exprimant,
872 3389 1012 3485 figuras
1026 3388 1224 3478 transierit,
1253 3414 1334 3462 cum
1356 3390 1424 3460 has

276 3513 315 3585 in
337 3537 376 3585 se
397 3518 626 3609 postremum
647 3515 823 3602 retrahat,
847 3513 969 3584 ideam
986 3511 1064 3584 lieri
1081 3519 1197 3586 semet
1211 3513 1328 3609 ipsam
1340 3537 1426 3608 per-

276 3637 492 3732 cipientem3
524 3638 621 3733 quod
652 3638 799 3732 quidem
828 3659 1046 3733 processum
1080 3643 1196 3710 vocat.
1243 3638 1314 3709 Sed
1354 3638 1425 3709 hoc

277 3761 448 3834 differunt
480 3761 758 3857 schellingiana,
784 3762 819 3832 in
847 3786 885 3832 se
916 3765 1106 3856 spectata,
1124 3760 1360 3856 philosophia
1390 3765 1428 3831 et

276 3887 404 3958 eadem
420 3885 465 3956 ab
485 3885 636 3979 llegelio
657 3886 753 3958 male
774 3886 986 3958 assimulata
1006 3910 1012 3957 :
1033 3884 1172 3958 scilicet
1187 3887 1281 3980 apud
1300 3885 1425 3958 Schel-

276 4009 447 4105 lingium,
470 4008 501 4082 si
524 4009 729 4105 subjectum
751 4034 866 4105 usque
885 4009 1003 4103 magis
1024 4009 1166 4105 penitus
1187 4010 1256 4081 sihi
1280 4010 1424 4098 haeret,

313 4259 335 4306 l.
354 4257 431 4317 leta,
447 4272 473 4322 p.
491 4259 640 4309 lor-loa-
662 4256 817 4305 Vorredezu
838 4257 912 4305 einer
930 4255 1162 4320 philosophiscluen
1178 4255 1281 4320 Schrift
1296 4258 1341 4305 cles
1360 4256 1423 4305 llrn.

283 4337 373 4386 Victor
387 4337 492 4398 Cousin,
507 4339 525 4399 l,
543 4353 569 4400 x,
588 4353 614 4402 p.
630 4339 741 4385 212-213.
756 4364 786 4373 -
801 4336 957 4400 Eirrleitunq
977 4338 1005 4385 in
1025 4338 1068 4385 <lie
1086 4335 1256 4399 Philosophie
1272 4338 1321 4385 der
1334 4336 1427 4399 Offen-

283 4417 396 4481 barunp,
408 4419 441 4478 ll,
456 4432 494 4479 111,
509 4433 535 4481 p.
554 4418 637 4478 88-89;
651 4433 677 4481 p.
693 4419 805 4466 lat-122.
