3198 5056
629 402 743 457 CAPUT
767 402 919 457 TERTIUM
1311 408 1344 459 35

202 551 295 625 alios
320 551 453 625 missis.
487 554 515 624 Ε
541 551 673 649 quibus
696 559 849 649 epporel
874 553 991 642 illum,
1014 579 1109 629 nunc
1138 557 1342 652 exquirere,

203 674 589 774 quomodo'Hegelius,
612 679 707 750 mele
725 701 850 751 secum
867 679 1115 767 consentiens,
1133 681 1342 754 doctrinam

202 824 305 874 suem
330 803 472 874 occulte
491 801 624 897 possim
640 802 922 890 emendavisset,
940 827 1036 876 nunc
1058 804 1229 900 gaudere,
1248 805 1345 901 quod

208 926 281 1008 ille,
296 951 376 1022 quae
393 925 541 1023 Hegelio
558 928 747 1022 objecerit,
764 927 1048 1023 approbentur¹,
1061 953 1158 1002 nunc
1176 929 1249 1002 illis
1264 954 1347 1027 gro-

206 1050 328 1141 tulori,
348 1051 409 1146 qui
430 1057 569 1146 aperte,
594 1056 634 1124 ut
654 1052 746 1148 ipse,
772 1051 943 1140 sentient,
971 1076 1042 1146 quo
1065 1058 1160 1126 statu
1192 1059 1346 1149 utreque

204 1175 438 1272 philosophie
466 1175 546 1249 site
571 1177 648 1249 Hoc
676 1175 861 1271 praecipue
891 1176 1036 1272 repetit,
1065 1200 1103 1249 se
1134 1178 1287 1273 Hegelio
1313 1184 1348 1251 et

204 1299 405 1396 hegelianis
439 1324 584 1396 penem,
608 1325 680 1396 quo
711 1299 855 1373 dleutur
891 1300 1117 1396 prestitisse,
1155 1302 1348 1398 Hegelium

174 1482 178 1485 2
203 1424 352 1523 quidem
372 1450 436 1521 per
460 1449 497 1498 se
518 1449 592 1498 non
613 1448 696 1497 eum
712 1449 805 1513 esse,
825 1425 884 1519 qui
907 1425 1109 1520 quidquem
1131 1426 1344 1515 invenisset,

205 1556 372 1626 ceterum
401 1552 517 1640 illum,
550 1550 638 1623 dum
668 1555 771 1645 putet
791 1573 828 1620 se
850 1549 1153 1646 schellingienam
1182 1549 1346 1645 philoso-

203 1676 330 1771 phiam
368 1674 640 1771 prorogavissc,
673 1673 840 1746 eamdem
877 1674 1026 1747 omnino
1061 1674 1307 1770 inquinerissc
1321 1676 1344 1745 ³.

208 1799 422 1896 indignatur
458 1800 636 1895 quosdam
678 1799 884 1895 Hegelium,
915 1804 1101 1893 tamquam
1144 1796 1346 1872 redivivum

206 1925 454 2012 Aristotelem,
472 1923 672 1997 admiratos
689 1947 769 1995 esse
781 1923 804 1994 Ι.
824 1924 904 1995 Non
926 1923 1068 1996 dubitet
1088 1922 1212 1996 dicere
1228 1926 1348 2021 Hege-

205 2050 294 2122 lium
321 2055 354 2121 et
380 2050 595 2146 hegelienos
617 2047 671 2120 iro
700 2047 856 2120 memori
881 2052 918 2121 et
942 2046 1078 2129 invidie
1107 2046 1282 2122 adversus
1308 2074 1346 2122 se

205 2173 371 2263 accendi;
386 2198 467 2247 cum
483 2173 594 2269 igitur
606 2172 785 2245 Cousinus
796 2195 817 2244 a
828 2172 1011 2244 Germano
1026 2171 1186 2267 quodem
1199 2173 1348 2246 lucessi—
1377 2246 1378 2250 ,

204 2307 261 2375 tus
283 2301 423 2389 luisset,
445 2298 600 2392 ideoque
620 2302 837 2385 commotus,
861 2295 1054 2391 Hegelium
1071 2302 1108 2370 et
1128 2298 1345 2393 hegelianos

203 2424 368 2523 perfidiae
384 2424 622 2496 vehementer
639 2420 887 2515 Schellingius
903 2420 1057 2515 argunt.

201 2696 300 2747 rompu
323 2680 418 2745 depuis
441 2679 594 2743 longtemps
615 2678 641 2726 la
661 2676 725 2727 frete
745 2675 839 2737 tillure,
862 2674 1060 2739 quelle-mimo
1081 2676 1184 2726 n'nveit
1203 2691 1237 2726 eu
1260 2677 1343 2739 qu'un

200 2768 322 2813 moment
341 2761 373 2811 de
390 2759 550 2825 possibilite.
572 2760 642 2808 etc...
663 2777 674 2799 υ
690 2757 745 2805 Aue
765 2754 916 2817 Schcttioys
933 2754 1026 2815 debeo,
1041 2753 1179 2819 Schellinq
1199 2771 1234 2805 oo
1257 2757 1346 2806 lictor

201 2843 306 2902 Cousin,
320 2842 367 2901 ΙΙΙ,
383 2855 409 2905 p.
426 2840 505 2888 39-42.

230 2926 253 2972 Ι.
271 2925 326 2972 Aur
339 2918 489 2983 Schelliuqs
503 2917 595 2977 heberi,
609 2915 744 2978 schellinq
756 2930 792 2964 oo
805 2915 923 2964 Brondie
935 2914 981 2973 ΙΙΙ,
1000 2916 1052 2965 ml.

230 3007 253 3053 2.
269 3004 325 3051 Auo
339 3000 491 3061 Schelliuqs
506 2997 599 3057 debeo,
615 2996 752 3058 Scheltiuq
767 3010 802 3043 an
816 2994 991 3057 Dorsmttller,
1008 2994 1053 3056 ΙΙΙ,
1072 3007 1097 3057 p.
1115 2996 1168 3043 135.

229 3087 252 3132 3.
272 3105 284 3128 a
300 3084 345 3132 Ich
362 3079 481 3145 begreile
495 3079 579 3139 nicht,
588 3092 644 3126 was
659 3078 743 3126 lhnen
756 3077 785 3124 in
798 3073 850 3124 den
861 3075 974 3124 Worten
992 3072 1058 3124 «die
1073 3074 1146 3123 mein
1157 3075 1225 3124 Brod
1240 3090 1343 3125 essen»

198 3162 417 3213 unverstindlich
441 3161 497 3211 sein
519 3160 631 3209 konnte.
647 3156 782 3206 Zuuetchst
805 3155 840 3204 ist
860 3152 995 3203 neturlich
1011 3153 1095 3217 liegel
1109 3155 1239 3225 gemeint,
1256 3155 1303 3204 der
1317 3157 1346 3205 in

197 3244 268 3294 allen
282 3244 376 3293 diesen
389 3243 490 3291 Leuten
507 3237 652 3303 cigentlich
668 3236 776 3299 spricht.
796 3236 858 3283 Nun
882 3234 992 3282 konnen
1016 3233 1058 3283 Sie
1076 3233 1210 3284 vielleicht
1225 3235 1300 3285 nicht
1315 3251 1345 3284 so

195 3323 337 3374 bestimmt
352 3322 402 3371 wie
417 3322 469 3381 ich,
486 3320 588 3370 derihn
603 3331 655 3367 von
670 3316 774 3381 tugend
789 3314 837 3365 aul
855 3313 985 3378 gekennt,
999 3312 1109 3373 wissen,
1127 3328 1184 3363 was
1199 3314 1289 3364 dieser
1302 3315 1345 3365 hir

196 3404 257 3453 sich
273 3402 328 3454 und
345 3403 415 3451 ohne
434 3401 505 3450 mich
524 3399 597 3462 fuhig
616 3410 741 3462 gewesen
755 3399 828 3456 vitre,
847 3392 956 3444 ohwohl
976 3392 1051 3442 seine
1071 3393 1157 3457 Logik
1178 3394 1345 3458 hinldnglich

196 3484 288 3548 zeigen
300 3483 383 3543 kann,
395 3481 487 3531 wohin
497 3494 534 3540 er,
548 3479 605 3529 sich
622 3478 707 3527 selhst
721 3475 889 3534 iiberlossen‚
901 3473 1032 3536 gerethen
1046 3477 1126 3523 wire.
1137 3474 1181 3523 lch
1196 3473 1271 3523 kann
1287 3476 1344 3524 olso

195 3564 268 3614 wohl
291 3576 345 3612 von
364 3563 420 3611 ihm
437 3560 492 3611 und
508 3559 602 3609 seinen
621 3555 800 3620 Nechtolgern
817 3567 908 3618 sigen,
927 3553 989 3602 dass
1015 3554 1054 3602 sie
1072 3554 1144 3602 moin
1159 3553 1229 3603 Brod
1248 3569 1345 3620 essen,

194 3625 242 3694 des
257 3644 309 3693 mit
322 3643 425 3692 Fissen
439 3641 536 3691 Treten
552 3639 587 3688 ist
604 3638 732 3688 ohnedies
750 3636 819 3685 kler.
838 3635 912 3683 Ohne
929 3633 1000 3682 mich
1013 3633 1064 3696 gob
1083 3647 1112 3682 es
1127 3634 1226 3696 gewiss
1243 3635 1343 3684 keinen

195 3724 277 3788 liegel
291 3723 347 3773 und
362 3722 441 3772 keine
456 3721 615 3784 Hegeliener
633 3719 683 3767 wie
699 3719 738 3767 sie
755 3716 826 3764 sind.
847 3715 909 3763 Dies
931 3714 967 3762 ist
986 3713 1061 3761 nicht
1074 3713 1268 3778 hochmiithige
1282 3715 1345 3764 Ein-

194 3803 317 3868 bildung,
333 3815 432 3852 wovon
447 3801 490 3851 ich
505 3801 568 3850 weit
582 3800 702 3849 eniternt
719 3797 777 3859 bin,
800 3810 828 3844 es
847 3795 883 3843 ist
904 3792 1052 3843 Wehrheit.
1079 3812 1090 3836 υ
1114 3794 1169 3843 dus
1193 3793 1344 3858 Schelliops

197 3883 289 3947 Leden,
301 3882 439 3946 Schelliop
454 3896 490 3931 an
504 3878 677 3943 Dorsmttller,
692 3878 737 3938 ΙΙΙ,
747 3891 774 3940 p.
791 3875 905 3925 tot-too.

226 3968 249 4013 4.
269 3984 281 4009 «
345 3963 369 4013 si
383 3975 490 4012 comme
507 3964 554 4011 ont
574 3959 621 4010 leit
641 3958 772 4023 quelques
798 3955 940 4019 ignoranti
962 3967 996 4003 en
1014 3951 1180 4016 hllemngne,
1204 3954 1286 4019 liegel
1304 3958 1344 4004 est

194 4048 320 4108 compare
340 4043 502 4104 dhristote;
524 4041 544 4090 il
564 4040 621 4103 n’y
639 4054 663 4100 e,
682 4038 758 4088 selon
775 4048 841 4085 mon
856 4034 923 4093 eris,
936 4032 1004 4083 dens
1025 4033 1100 4083 toute
1118 4034 1248 4084 l'histoire
1268 4035 1300 4083 de
1317 4035 1345 4083 lo

193 4124 368 4189 philosophie
385 4123 432 4172 des
450 4122 518 4172 tetes
533 4120 594 4186 plus
611 4118 732 4183 inegsles
747 4118 774 4167 et
786 4114 848 4180 plus
866 4115 999 4177 opposees
1021 4126 1073 4175 que
1093 4127 1137 4163 ces
1157 4113 1234 4163 deux.
1256 4133 1267 4158 u
1289 4115 1344 4162 Ans

196 4204 348 4268 Schelltnqs
364 4202 458 4261 leden,
470 4201 609 4263 Schelliuq
626 4214 662 4248 ao
676 4198 781 4258 (leusio,
797 4196 844 4256 ΙΙΙ,
859 4209 885 4258 p.
903 4193 1015 4243 itt-138.

225 4288 248 4334 5.
268 4305 279 4329 «
299 4283 366 4335 C‘est
381 4295 435 4333 une
450 4283 530 4333 chose
548 4283 564 4331 d
582 4279 699 4344 laquelle
713 4278 732 4328 il
749 4276 835 4327 lesseh
855 4272 1001 4324 s'nttendre
1018 4271 1170 4338 detepuit
1189 4273 1236 4324 des
1256 4272 1344 4325 seides

195 4365 227 4415 de
250 4365 285 4414 M.
304 4364 395 4428 Hegel.
415 4365 484 4414 Pour
499 4375 568 4412 vous
583 4362 680 4410 mettre
700 4360 716 4407 ὲ
732 4357 808 4408 l'ebri
823 4355 855 4407 de
869 4355 943 4405 leurs
958 4351 1083 4416 insultes,
1100 4353 1121 4402 il
1133 4353 1219 4404 felleit
1235 4352 1345 4404 d‘uhord

193 4458 326 4495 renoncer
342 4444 357 4492 i
373 4445 448 4494 toute
469 4441 563 4492 emitte
586 4452 655 4505 pour
677 4437 732 4487 moi
754 4440 781 4487 et
800 4434 889 4500 parler
905 4434 965 4483 tout
984 4432 1138 4484 entrement
1157 4432 1189 4483 de
1211 4434 1276 4495 moi,
1292 4446 1344 4496 que
