3198 5056
690 342 884 399 CONCLUSIO
1327 349 1359 402 63

214 526 230 563 a
253 495 505 592 panlogismus
527 523 543 560 »
566 494 677 566 habet
701 517 802 584 sane,
828 495 924 568 unde
942 500 1082 568 mentes
1098 496 1252 577 alliciat:
1278 499 1356 587 sed,

210 643 294 694 oum
330 620 507 691 mnndum
542 617 682 713 effingit
715 620 783 691 sub
817 619 939 715 speeie
970 620 1153 694 continua
1189 621 1357 695 idearum

212 744 416 840 compagis
441 749 519 816 tum
543 765 753 838 possumus,
771 726 816 816 ‘ut
835 744 875 816 fit
894 745 991 840 apud
1017 745 1216 836 Goethium,
1240 747 1358 833 excla-

212 893 342 943 mare:

311 1065 425 1127 Weloh
447 1064 649 1143 Solrauspiell
674 1065 752 1126 aber
773 1065 848 1125 aoht
873 1065 925 1126 ein
948 1066 1137 1145 Schauspiel
1159 1070 1234 1128 nur!

214 1247 295 1319 Non
338 1267 410 1341 quo
452 1244 602 1316 velimus
647 1243 828 1315 rationem
859 1244 1017 1333 elevare,
1060 1270 1140 1341 qum
1168 1247 1357 1320 seientiam

214 1369 357 1457 condit,
388 1368 452 1440 sed
479 1367 556 1439 lieri
577 1372 709 1464 potest,
729 1373 769 1440 ut
789 1368 883 1441 alius
904 1370 950 1441 sit
973 1369 1126 1443 rationis
1148 1396 1235 1444 usus
1251 1378 1359 1468 atque

215 1495 289 1583 ille,
321 1493 384 1588 qai
424 1494 460 1564 in
492 1492 690 1589 generibus
719 1493 940 1586 quibusdam
974 1493 1216 1568 rationalismi
1247 1497 1355 1581 inesl,

215 1643 302 1692 usus
332 1617 471 1690 soilioet
495 1616 659 1689 criticus.
688 1619 740 1686 Ex
769 1617 957 1690 intellectu
984 1642 1071 1690 sane
1096 1626 1248 1693 manant
1273 1645 1360 1694 oon-

216 1748 355 1840 oeptus,
388 1742 519 1837 quibus
554 1764 611 1813 res
645 1739 889 1835 disponuntur
922 1747 958 1813 et
991 1748 1275 1834 connectuntnr;
1297 1747 1360 1818 sed

216 1872 415 1963 conceptus
444 1866 495 1937 illi
528 1870 671 1939 lantum
700 1865 835 1954 valent,
863 1872 1045 1960 quatenus
1080 1865 1222 1941 edatis
1251 1871 1360 1942 rebus

217 1992 392 2090 quasdam
410 1995 628 2086 excerpunt,
646 1991 698 2062 ita
718 1994 771 2078 ut,
788 1996 905 2063 semet
921 1991 1019 2087 ipsos
1035 1992 1108 2065 illis
1126 1993 1356 2090 applicando,

216 2115 477 2214 experientiam
493 2114 623 2189 stricto
640 2138 747 2187 sensu
765 2114 1004 2188 constituant.
1023 2115 1108 2189 lnde
1125 2117 1166 2190 fit
1183 2123 1221 2191 ut
1237 2101 1360 2191 minus

215 2267 283 2340 per
302 2267 340 2314 se
361 2239 582 2313 definiantur
608 2244 818 2334 conoeptus,
837 2262 946 2334 quam
964 2264 1031 2336 per
1048 2265 1173 2330 usum,
1189 2241 1360 2338 adquam

215 2368 412 2465 pertinent,
432 2389 490 2437 res
512 2368 648 2452 autem,
670 2387 744 2435 non
764 2363 888 2458 quales
904 2365 1055 2458 integrae
1072 2365 1109 2437 in
1123 2391 1161 2439 se
1179 2374 1274 2454 sunt,
1295 2369 1358 2439 sed

213 2493 290 2589 Jam
303 2491 506 2563 abstractas
522 2494 557 2560 et
569 2489 614 2560 ad
625 2489 823 2560 essentiam
837 2488 1009 2562 reductas
1025 2491 1357 2587 comprehendant.
1417 2480 1419 2483 ¹

217 2617 419 2689 Novissime
453 2613 660 2686 dictitatum
694 2617 748 2685 est
785 2611 975 2685 seientiam
1011 2616 1132 2687 minus
1172 2640 1228 2688 res
1260 2618 1360 2712 ipsas

216 2744 384 2837 spectare
410 2762 518 2833 quam
542 2739 685 2833 objecta
705 2735 985 2832 quaedamque
1012 2762 1031 2809 e
1060 2739 1164 2811 lactis
1194 2739 1301 2811 simul
1324 2747 1361 2812 et

208 2862 430 2937 notionibus
446 2863 591 2959 penitus
612 2865 799 2935 constant.
821 2862 1067 2958 Quapropter,
1087 2863 1116 2935 si
1139 2863 1190 2939 ita
1208 2868 1362 2959 accepta

217 2991 308 3062 ratio
335 2987 495 3061 scientiae
516 2985 792 3058 fundamentum
811 2985 893 3081 jure
916 2986 1091 3073 habetur,
1117 2994 1238 3059 lamen
1261 2994 1363 3061 extra

217 3139 278 3186 res
307 3113 408 3209 ipsas
436 3114 642 3207 permanet.
673 3109 778 3182 Dicas
808 3110 920 3205 igilur
950 3134 1022 3183 non
1058 3111 1255 3200 immerito,
1281 3118 1360 3185 tea

213 3237 442 3333 'schellingio
454 3259 527 3307 non
540 3218 591 3307 ita
603 3234 817 3321 decedente,
832 3233 1023 3307 scientiam
1035 3236 1183 3331 proprio
1193 3238 1356 3323 nomine,

217 3336 395 3458 quatenus
417 3360 454 3432 in
477 3357 748 3455 philosophiam
777 3381 814 3430 se
842 3360 964 3446 vertit,
984 3360 1156 3433 adversus
1179 3361 1359 3433 mnndum

217 3485 452 3581 disciplinam
472 3488 616 3556 tantum
631 3482 839 3579 negativam
856 3506 948 3556 esse.

267 3611 368 3683 Tunc
397 3607 634 3703 intellegitur,
656 3631 746 3702 quas
771 3608 819 3680 ob
840 3630 969 3680 causas
985 3631 1102 3697 mens,
1125 3586 1219 3682 novo
1237 3612 1358 3683 studio

217 3733 401 3820 instincta,
424 3733 510 3827 quid
527 3755 587 3804 res
603 3731 691 3827 ipsae
712 3732 796 3819 sint,
824 3731 1010 3826 inquirere
1022 3739 1185 3821 oonetur,
1213 3735 1358 3807 omissis

213 3861 292 3957 jam
308 3857 379 3930 illis
396 3856 575 3943 essentiis
594 3880 672 3950 qoae
683 3856 727 3927 ad
739 3879 796 3927 res
813 3857 966 3935 scientia
979 3856 1224 3952 expediendas
1236 3883 1360 3932 neees-

219 3982 324 4056 sariae
349 3986 448 4054 sunt.
479 3982 565 4051 lnde
585 3979 756 4052 oriuntur
774 3978 846 4051 illae
862 3979 1081 4074 disciplina,
1107 4007 1188 4078 qnae
1211 3982 1361 4080 eupiunt

218 4106 375 4180 serutari
402 4103 633 4176 existentiam
657 4103 788 4199 ipsam,
817 4108 940 4198 utpote
966 4104 1095 4202 logicis
1124 4107 1360 4203 conoeptibos

217 4233 393 4327 priorem,
421 4253 501 4323 quae
531 4233 652 4301 autem
689 4227 841 4301 scientia
870 4251 928 4301 res
957 4228 1112 4303 nimium
1143 4232 1360 4328 simpliciter

185 4416 188 4421 .
218 4360 433 4435 extenuatas
454 4359 489 4426 et
509 4377 530 4424 a
550 4377 589 4426 se
605 4351 781 4426 alienatas
798 4376 876 4425 esse
893 4355 1132 4428 contendunt.
1153 4356 1237 4428 lllas
1259 4357 1359 4430 dieas
