3198 5056
665 341 863 396 CONGLUSIO
1306 345 1337 396 61

189 489 481 585 philosophiam,
515 514 587 585 qua
621 515 679 564 res
711 493 747 564 in
771 517 807 565 se
838 493 927 589 ipsae
957 493 1336 589 comprehenduntur,

191 614 400 686 admiserit.

239 737 324 826 Sed,
349 738 421 810 sive
445 740 815 835 sehopenh'aueriana
842 766 861 814 e
884 741 1151 838 schellingiana
1176 742 1335 836 quodam

192 863 301 934 modo
322 867 402 935 orta
427 868 481 935 est
506 864 752 960 philosophia,
773 866 846 938 siue
870 866 993 961 potius
1022 867 1279 939 tantummodo
1301 890 1339 938 se

125 1050 130 1055 .
190 1009 276 1058 oum
292 984 354 1059 illa
370 987 528 1061 conferri
548 989 699 1084 patitur,
718 990 1149 1086 eonstatphilosophum,
1165 991 1225 1085 qui
1244 990 1339 1086 apud

191 1109 390 1183 Germanos
419 1112 827 1208 sehopenhauerianam
854 1114 1074 1201 doctrinam,
1101 1115 1335 1186 emendatam

189 1235 350 1329 quidem,
382 1236 661 1333 redintegravit,
692 1237 834 1311 scilieet
860 1239 1144 1326 Hartmannum,
1172 1238 1336 1333 appella-

190 1358 284 1432 visse
305 1366 491 1433 auctorem
518 1361 623 1438 illum
645 1363 853 1459 praesertim
881 1363 1148 1458 Sehellingium
1171 1363 1335 1459 positivae

189 1484 434 1581 philosophia
451 1486 679 1577 studentem;
704 1512 813 1583 quem
831 1493 1012 1577 ceterum,
1032 1494 1069 1561 ut
1087 1512 1169 1561 eum
1186 1489 1335 1583 Hegelio

190 1610 483 1698 reconciliatum,
508 1610 557 1683 ita
580 1612 894 1708 Sohopenhauero
910 1612 1058 1686 astinem
1076 1613 1135 1686 ille
1152 1613 1293 1709 effingit
1308 1614 1331 1686 ¹.

190 1733 287 1807 lllud
312 1733 409 1807 enim
430 1743 487 1808 est
513 1735 706 1831 proprium
730 1737 947 1809 Hartmanni
978 1737 1221 1833 philosophiae
1247 1762 1335 1809 ron-

189 1859 356 1947 tendere,
387 1858 483 1947 hine,
513 1866 551 1933 ut
583 1862 704 1934 aiebat
734 1861 1081 1956 Schopenhauerus,
1112 1862 1334 1957 principium

187 1982 394 2056 existentia
411 2008 491 2057 esse
511 1985 752 2075 voluntatem,
771 1990 807 2058 et
827 2009 846 2057 e
866 1986 1068 2059 voluntatis
1089 1984 1187 2057 illius
1202 1990 1335 2058 natura

188 2106 355 2180 dolorem
377 2114 643 2205 praepotentem
668 2109 769 2198 oriri,
793 2110 895 2183 illine
912 2109 1070 2205 spatium
1088 2115 1125 2181 et
1139 2114 1283 2206 tempus
1300 2115 1334 2182 et

188 2231 458 2306 intellectuales
486 2240 683 2331 conceptus
706 2258 727 2307 a
751 2234 1063 2331 Sohopenhauero
1087 2232 1197 2306 nimis
1217 2258 1331 2329 nega-

188 2354 259 2429 tive
294 2380 464 2453 expressa
497 2383 593 2448 esse;
625 2360 710 2433 inde
744 2359 785 2432 lit
816 2364 854 2432 ut
889 2358 1094 2432 adducatur
1129 2359 1173 2431 ad
1210 2357 1330 2430 ideam

188 2481 327 2576 majore
348 2483 484 2555 virtute
509 2482 764 2555 instruendam
790 2508 797 2554 :
821 2506 893 2578 quo
920 2484 965 2555 ad
990 2482 1222 2579 hegelianam
1245 2483 1331 2554 doe-

188 2604 321 2677 trinam
353 2630 391 2679 se
425 2630 584 2700 pronum
624 2608 776 2702 prabet.
816 2605 886 2679 Sed
918 2605 1133 2702 hegelianus
1166 2605 1331 2678 rationa—
1374 2700 1377 2707 ,

187 2729 327 2819 lismuS,
347 2731 549 2804 seeundum
567 2731 686 2821 illum,
700 2730 739 2803 in
755 2731 825 2804 hoe
841 2735 980 2827 peceat,
992 2731 1089 2826 quod
1105 2728 1329 2802 voluntatem

186 2853 321 2927 mirum
349 2855 386 2926 in
416 2855 566 2928 modum
588 2854 679 2928 ideae
702 2854 848 2950 subjicit
873 2862 982 2950 atque
1014 2852 1201 2927 individua
1229 2852 1333 2925 finita

184 2979 294 3051 nimis
329 2980 576 3074 praetermittit
615 2984 651 3052 et
686 3004 707 3052 a
736 2980 887 3075 proprio
922 2980 1004 3051 vita
1039 3002 1146 3051 sensu
1181 2977 1327 3050 alienat.

185 3103 317 3190 Quare,
346 3128 428 3177 eum
451 3104 630 3191 voluntas,
656 3103 775 3199 qualis
802 3105 899 3199 apud
934 3101 1202 3198 Schellingium
1225 3126 1331 3197 repe-

182 3226 287 3316 ritur,
316 3228 454 3300 seilicet
482 3252 580 3303 eaeca
614 3234 651 3301 et
679 3227 834 3302 rationis
863 3251 1007 3323 expers,
1030 3227 1150 3300 ideam
1177 3226 1330 3300 minime

182 3352 327 3448 assequi
344 3353 475 3440 valeat,
498 3376 581 3426 oum
602 3358 731 3426 contra
747 3351 845 3443 idea,
875 3353 993 3448 qualis
1019 3353 1116 3449 apud
1137 3352 1328 3447 Hegelium
1391 3454 1395 3455 ⁷
1507 3408 1513 3413 .

180 3482 312 3565 exstat,
333 3476 470 3550 scilieet
493 3476 612 3573 logica
637 3482 672 3550 et
699 3478 895 3565 abstracta,
920 3476 1014 3548 nihil
1040 3477 1118 3548 sine
1138 3475 1327 3548 voluntate

180 3601 353 3697 adjuncta
368 3602 544 3697 perlicere
561 3603 689 3696 possit,
705 3625 749 3674 ea
765 3602 915 3674 demum
929 3606 982 3673 est
1002 3600 1182 3695 posterior
1201 3599 1330 3673 Schel-

178 3724 283 3822 lingii
299 3725 548 3822 philosophia,
567 3725 645 3822 jam
664 3724 841 3821 quidquid
868 3723 978 3795 nimis
1000 3724 1251 3819 theologicum
1269 3723 1326 3795 vel

180 3849 306 3923 fiotum
327 3855 609 3947 aromataque
632 3850 668 3921 in
689 3873 727 3920 se
749 3849 908 3922 maxime
928 3846 1083 3921 retinuit
1103 3872 1160 3920 res
1177 3848 1273 3920 inter
1290 3871 1328 3919 se

179 3973 442 4048 conciliandas.
460 3974 644 4070 Quidquid
658 3972 697 4046 id
711 3980 776 4052 est,
789 3974 897 4068 plane
916 3972 1184 4045 demonstravit
1202 3971 1328 4045 Schel-

178 4097 311 4194 lingins
358 4122 482 4172 veram
529 4098 760 4171 existentiam
803 4096 849 4169 ad
889 4097 1119 4170 voluntatem
1160 4075 1325 4169 revocari

208 4301 229 4349 l.
245 4302 274 4350 E.
287 4316 312 4352 v.
327 4303 487 4364 Hartmann,
506 4297 663 4368 Schellinp’a
680 4302 795 4366 positive
809 4299 980 4365 Philosophia
995 4300 1037 4351 als
1051 4299 1159 4350 Einhart
1176 4315 1225 4350 voa
1240 4298 1326 4364 Hepel

176 4380 233 4430 und
246 4380 463 4446 Sekepenhauer,
479 4382 577 4447 Berlin,
594 4383 663 4432 laea.
