<?xml version="1.0" encoding="UTF-8"?>
<!DOCTYPE html PUBLIC "-//W3C//DTD XHTML 1.0 Transitional//EN"
    "http://www.w3.org/TR/xhtml1/DTD/xhtml1-transitional.dtd">
<html xmlns="http://www.w3.org/1999/xhtml" xml:lang="en" lang="en">
 <head>
  <title>
</title>
<meta http-equiv="Content-Type" content="text/html;charset=utf-8" />
  <meta name='ocr-system' content='tesseract 3.04.00' />
  <meta name='ocr-capabilities' content='ocr_page ocr_carea ocr_par ocr_line ocrx_word'/>
</head>
<body>
  <div class='ocr_page' id='page_1' title='image "./deposterioresch00delbgoog_0055.png"; bbox 0 0 3198 5056; ppageno 0'>
   <div class='ocr_carea' id='block_1_1' title="bbox 255 296 1221 375">
    <p class='ocr_par' dir='ltr' id='par_1_1' title="bbox 255 296 1221 375">
     <span class='ocr_line' id='line_1_1' title="bbox 255 296 1221 375; baseline -0.004 -3"><span class='ocrx_word' id='word_1_1' title='bbox 255 318 290 373; x_wconf 75' lang='lat'>40</span> <span class='ocrx_word' id='word_1_2' title='bbox 432 321 479 375; x_wconf 83' lang='lat' dir='ltr'>DE</span> <span class='ocrx_word' id='word_1_3' title='bbox 503 296 722 375; x_wconf 79' lang='lat' dir='ltr'>POSTERIOBE</span> <span class='ocrx_word' id='word_1_4' title='bbox 747 316 966 372; x_wconf 85' lang='lat' dir='ltr'>SCHELLINGII</span> <span class='ocrx_word' id='word_1_5' title='bbox 984 313 1221 370; x_wconf 73' lang='lat' dir='ltr'>Pultosornru</span> 
     </span>
    </p>
   </div>
   <div class='ocr_carea' id='block_1_2' title="bbox 137 466 1399 566">
    <p class='ocr_par' dir='ltr' id='par_1_2' title="bbox 137 466 1399 566">
     <span class='ocr_line' id='line_1_2' title="bbox 137 466 1399 566; baseline -0.006 -24"><span class='ocrx_word' id='word_1_6' title='bbox 137 479 138 483; x_wconf 75' lang='grc'>’</span> <span class='ocrx_word' id='word_1_7' title='bbox 255 469 361 543; x_wconf 92' lang='lat' dir='ltr'>initio</span> <span class='ocrx_word' id='word_1_8' title='bbox 386 469 558 566; x_wconf 83' lang='lat' dir='ltr'>Hegelius</span> <span class='ocrx_word' id='word_1_9' title='bbox 579 467 752 558; x_wconf 81' lang='lat' dir='ltr'>admittit,</span> <span class='ocrx_word' id='word_1_10' title='bbox 775 472 951 563; x_wconf 73' lang='lat' dir='ltr'>praeterea</span> <span class='ocrx_word' id='word_1_11' title='bbox 971 468 1066 562; x_wconf 90' lang='lat' dir='ltr'>quod</span> <span class='ocrx_word' id='word_1_12' title='bbox 1088 466 1178 539; x_wconf 89' lang='lat' dir='ltr'>illud</span> <span class='ocrx_word' id='word_1_13' title='bbox 1202 472 1399 560; x_wconf 82' lang='lat' dir='ltr'>conceptus</span> 
     </span>
    </p>
   </div>
   <div class='ocr_carea' id='block_1_3' title="bbox 190 590 1407 4172">
    <p class='ocr_par' dir='ltr' id='par_1_3' title="bbox 190 590 1407 3918">
     <span class='ocr_line' id='line_1_3' title="bbox 255 590 1401 688; baseline -0.004 -23"><span class='ocrx_word' id='word_1_14' title='bbox 255 599 322 680; x_wconf 79' lang='lat' dir='ltr'>est,</span> <span class='ocrx_word' id='word_1_15' title='bbox 349 590 410 688; x_wconf 90' lang='lat' dir='ltr'>qui</span> <span class='ocrx_word' id='word_1_16' title='bbox 433 593 575 666; x_wconf 89' lang='lat' dir='ltr'>nultum</span> <span class='ocrx_word' id='word_1_17' title='bbox 601 593 727 680; x_wconf 85' lang='lat' dir='ltr'>aliurn,</span> <span class='ocrx_word' id='word_1_18' title='bbox 755 594 862 688; x_wconf 88' lang='lat' dir='ltr'>quem</span> <span class='ocrx_word' id='word_1_19' title='bbox 892 615 980 664; x_wconf 81' lang='lat' dir='ltr'>vero</span> <span class='ocrx_word' id='word_1_20' title='bbox 1007 590 1161 685; x_wconf 80' lang='lat' dir='ltr'>quilibet</span> <span class='ocrx_word' id='word_1_21' title='bbox 1192 590 1285 662; x_wconf 90' lang='lat' dir='ltr'>alius</span> <span class='ocrx_word' id='word_1_22' title='bbox 1316 614 1401 684; x_wconf 83' lang='lat' dir='ltr'>sup·</span> 
     </span>
     <span class='ocr_line' id='line_1_4' title="bbox 256 696 1400 813; baseline -0.005 -23"><span class='ocrx_word' id='word_1_23' title='bbox 256 723 380 812; x_wconf 90' lang='lat' dir='ltr'>ponat.</span> <span class='ocrx_word' id='word_1_24' title='bbox 408 718 537 790; x_wconf 91' lang='lat' dir='ltr'>Nonne</span> <span class='ocrx_word' id='word_1_25' title='bbox 563 717 719 790; x_wconf 88' lang='lat' dir='ltr'>enimin</span> <span class='ocrx_word' id='word_1_26' title='bbox 746 696 828 790; x_wconf 90' lang='lat' dir='ltr'>ente</span> <span class='ocrx_word' id='word_1_27' title='bbox 852 716 931 813; x_wconf 91' lang='lat' dir='ltr'>ipso</span> <span class='ocrx_word' id='word_1_28' title='bbox 951 701 1095 788; x_wconf 87' lang='lat' dir='ltr'>residet</span> <span class='ocrx_word' id='word_1_29' title='bbox 1118 713 1295 810; x_wconf 90' lang='lat' dir='ltr'>quidquid</span> <span class='ocrx_word' id='word_1_30' title='bbox 1323 715 1400 785; x_wconf 77' lang='lat' dir='ltr'>est?</span> 
     </span>
     <span class='ocr_line' id='line_1_5' title="bbox 256 839 1402 933; baseline -0.004 -19"><span class='ocrx_word' id='word_1_31' title='bbox 256 842 360 925; x_wconf 82' lang='lat' dir='ltr'>Quod</span> <span class='ocrx_word' id='word_1_32' title='bbox 376 840 407 914; x_wconf 92' lang='lat' dir='ltr'>si</span> <span class='ocrx_word' id='word_1_33' title='bbox 427 843 481 913; x_wconf 89' lang='lat' dir='ltr'>ais</span> <span class='ocrx_word' id='word_1_34' title='bbox 498 842 578 915; x_wconf 83' lang='lat' dir='ltr'>haeo</span> <span class='ocrx_word' id='word_1_35' title='bbox 596 841 681 914; x_wconf 88' lang='lat' dir='ltr'>trita</span> <span class='ocrx_word' id='word_1_36' title='bbox 701 865 792 928; x_wconf 89' lang='lat' dir='ltr'>esse,</span> <span class='ocrx_word' id='word_1_37' title='bbox 811 842 922 913; x_wconf 87' lang='lat' dir='ltr'>modo</span> <span class='ocrx_word' id='word_1_38' title='bbox 939 841 1007 912; x_wconf 88' lang='lat' dir='ltr'>hoc</span> <span class='ocrx_word' id='word_1_39' title='bbox 1023 841 1202 922; x_wconf 79' lang='lat' dir='ltr'>attendas,</span> <span class='ocrx_word' id='word_1_40' title='bbox 1225 839 1344 933; x_wconf 87' lang='lat' dir='ltr'>prima</span> <span class='ocrx_word' id='word_1_41' title='bbox 1365 843 1402 909; x_wconf 92' lang='lat' dir='ltr'>et</span> 
     </span>
     <span class='ocr_line' id='line_1_6' title="bbox 253 961 1402 1061; baseline -0.004 -23"><span class='ocrx_word' id='word_1_42' title='bbox 253 967 465 1061; x_wconf 72' lang='lat' dir='ltr'>geometria</span> <span class='ocrx_word' id='word_1_43' title='bbox 494 967 675 1040; x_wconf 89' lang='lat' dir='ltr'>elementa</span> <span class='ocrx_word' id='word_1_44' title='bbox 695 966 783 1039; x_wconf 84' lang='lat' dir='ltr'>trita</span> <span class='ocrx_word' id='word_1_45' title='bbox 808 989 902 1038; x_wconf 88' lang='lat' dir='ltr'>esse.</span> <span class='ocrx_word' id='word_1_46' title='bbox 928 965 974 1036; x_wconf 81' lang='lat' dir='ltr'>At</span> <span class='ocrx_word' id='word_1_47' title='bbox 996 964 1108 1053; x_wconf 83' lang='lat' dir='ltr'>enim,</span> <span class='ocrx_word' id='word_1_48' title='bbox 1134 968 1174 1036; x_wconf 91' lang='lat' dir='ltr'>ut</span> <span class='ocrx_word' id='word_1_49' title='bbox 1204 961 1402 1059; x_wconf 76' lang='lat' dir='ltr'>respondet</span> 
     </span>
     <span class='ocr_line' id='line_1_7' title="bbox 190 1074 1401 1187; baseline -0.004 -23"><span class='ocrx_word' id='word_1_50' title='bbox 190 1180 193 1185; x_wconf 10' lang='grc' dir='ltr'><em>Α</em></span> <span class='ocrx_word' id='word_1_51' title='bbox 256 1087 518 1187; x_wconf 75' lang='lat' dir='ltr'>SchellingiuS,</span> <span class='ocrx_word' id='word_1_52' title='bbox 537 1090 623 1186; x_wconf 92' lang='lat' dir='ltr'>quid</span> <span class='ocrx_word' id='word_1_53' title='bbox 640 1092 711 1164; x_wconf 85' lang='lat' dir='ltr'>hoo</span> <span class='ocrx_word' id='word_1_54' title='bbox 727 1074 852 1163; x_wconf 83' lang='lat' dir='ltr'>triturn</span> <span class='ocrx_word' id='word_1_55' title='bbox 873 1090 969 1162; x_wconf 75' lang='lat' dir='ltr'>vult?</span> <span class='ocrx_word' id='word_1_56' title='bbox 986 1089 1230 1161; x_wconf 87' lang='lat' dir='ltr'>Contendisne</span> <span class='ocrx_word' id='word_1_57' title='bbox 1247 1088 1310 1160; x_wconf 87' lang='lat' dir='ltr'>itta</span> <span class='ocrx_word' id='word_1_58' title='bbox 1324 1111 1401 1160; x_wconf 78' lang='lat' dir='ltr'>ma·-</span> 
     </span>
     <span class='ocr_line' id='line_1_8' title="bbox 255 1211 1399 1309; baseline -0.003 -23"><span class='ocrx_word' id='word_1_59' title='bbox 255 1215 389 1287; x_wconf 83' lang='lat' dir='ltr'>nitesta</span> <span class='ocrx_word' id='word_1_60' title='bbox 405 1215 504 1287; x_wconf 82' lang='lat' dir='ltr'>esset</span> <span class='ocrx_word' id='word_1_61' title='bbox 519 1217 619 1286; x_wconf 82' lang='lat' dir='ltr'>Tune</span> <span class='ocrx_word' id='word_1_62' title='bbox 635 1213 780 1287; x_wconf 88' lang='lat' dir='ltr'>dioendi</span> <span class='ocrx_word' id='word_1_63' title='bbox 794 1214 885 1287; x_wconf 84' lang='lat' dir='ltr'>illud</span> <span class='ocrx_word' id='word_1_64' title='bbox 901 1237 1015 1309; x_wconf 80' lang='lat' dir='ltr'>genus</span> <span class='ocrx_word' id='word_1_65' title='bbox 1029 1237 1102 1285; x_wconf 91' lang='lat' dir='ltr'>non</span> <span class='ocrx_word' id='word_1_66' title='bbox 1119 1213 1154 1284; x_wconf 93' lang='lat' dir='ltr'>in</span> <span class='ocrx_word' id='word_1_67' title='bbox 1169 1211 1399 1309; x_wconf 81' lang='lat' dir='ltr'>hegelianunr</span> 
     </span>
     <span class='ocr_line' id='line_1_9' title="bbox 254 1337 1399 1434; baseline -0.005 -21"><span class='ocrx_word' id='word_1_68' title='bbox 254 1338 389 1413; x_wconf 83' lang='lat' dir='ltr'>thesim</span> <span class='ocrx_word' id='word_1_69' title='bbox 401 1340 594 1411; x_wconf 90' lang='lat' dir='ltr'>redundat.</span> <span class='ocrx_word' id='word_1_70' title='bbox 614 1340 753 1434; x_wconf 88' lang='lat' dir='ltr'>Nempe</span> <span class='ocrx_word' id='word_1_71' title='bbox 770 1339 911 1412; x_wconf 90' lang='lat' dir='ltr'>nullum</span> <span class='ocrx_word' id='word_1_72' title='bbox 928 1345 981 1411; x_wconf 89' lang='lat' dir='ltr'>est</span> <span class='ocrx_word' id='word_1_73' title='bbox 995 1362 1060 1411; x_wconf 93' lang='lat' dir='ltr'>ens</span> <span class='ocrx_word' id='word_1_74' title='bbox 1076 1337 1399 1410; x_wconf 83' lang='lat' dir='ltr'>indeterminatum</span> 
     </span>
     <span class='ocr_line' id='line_1_10' title="bbox 256 1462 1401 1558; baseline -0.003 -22"><span class='ocrx_word' id='word_1_75' title='bbox 256 1469 293 1536; x_wconf 87' lang='lat' dir='ltr'>et</span> <span class='ocrx_word' id='word_1_76' title='bbox 307 1463 459 1536; x_wconf 88' lang='lat' dir='ltr'>omnino</span> <span class='ocrx_word' id='word_1_77' title='bbox 476 1463 708 1558; x_wconf 80' lang='lat' dir='ltr'>objectivum‚</span> <span class='ocrx_word' id='word_1_78' title='bbox 721 1487 804 1536; x_wconf 85' lang='lat' dir='ltr'>oum</span> <span class='ocrx_word' id='word_1_79' title='bbox 820 1462 995 1558; x_wconf 87' lang='lat' dir='ltr'>quidquid</span> <span class='ocrx_word' id='word_1_80' title='bbox 1012 1468 1067 1534; x_wconf 89' lang='lat' dir='ltr'>est</span> <span class='ocrx_word' id='word_1_81' title='bbox 1082 1462 1128 1534; x_wconf 90' lang='lat' dir='ltr'>ad</span> <span class='ocrx_word' id='word_1_82' title='bbox 1144 1462 1347 1557; x_wconf 83' lang='lat' dir='ltr'>subjectum</span> <span class='ocrx_word' id='word_1_83' title='bbox 1364 1485 1401 1532; x_wconf 88' lang='lat' dir='ltr'>se</span> 
     </span>
     <span class='ocr_line' id='line_1_11' title="bbox 248 1587 1400 1683; baseline -0.004 -23"><span class='ocrx_word' id='word_1_84' title='bbox 248 1588 411 1678; x_wconf 82' lang='lat' dir='ltr'>reserat;</span> <span class='ocrx_word' id='word_1_85' title='bbox 431 1588 493 1661; x_wconf 89' lang='lat' dir='ltr'>ubi</span> <span class='ocrx_word' id='word_1_86' title='bbox 510 1612 573 1661; x_wconf 92' lang='lat' dir='ltr'>ens</span> <span class='ocrx_word' id='word_1_87' title='bbox 594 1587 789 1683; x_wconf 77' lang='lat' dir='ltr'>cogitatur,</span> <span class='ocrx_word' id='word_1_88' title='bbox 811 1587 996 1660; x_wconf 84' lang='lat' dir='ltr'>intellectu</span> <span class='ocrx_word' id='word_1_89' title='bbox 1017 1588 1201 1683; x_wconf 74' lang='lat' dir='ltr'>cogitante</span> <span class='ocrx_word' id='word_1_90' title='bbox 1218 1587 1400 1682; x_wconf 85' lang='lat' dir='ltr'>posterius</span> 
     </span>
     <span class='ocr_line' id='line_1_12' title="bbox 255 1710 1401 1807; baseline -0.004 -22"><span class='ocrx_word' id='word_1_91' title='bbox 255 1720 322 1786; x_wconf 86' lang='lat' dir='ltr'>est.</span> <span class='ocrx_word' id='word_1_92' title='bbox 351 1712 470 1799; x_wconf 77' lang='lat' dir='ltr'>Quare</span> <span class='ocrx_word' id='word_1_93' title='bbox 495 1714 538 1785; x_wconf 91' lang='lat' dir='ltr'>de</span> <span class='ocrx_word' id='word_1_94' title='bbox 560 1718 656 1800; x_wconf 80' lang='lat' dir='ltr'>ente,</span> <span class='ocrx_word' id='word_1_95' title='bbox 679 1712 786 1807; x_wconf 86' lang='lat' dir='ltr'>quale</span> <span class='ocrx_word' id='word_1_96' title='bbox 813 1714 858 1784; x_wconf 83' lang='lat' dir='ltr'>ab</span> <span class='ocrx_word' id='word_1_97' title='bbox 883 1711 1030 1806; x_wconf 83' lang='lat' dir='ltr'>Hegelio</span> <span class='ocrx_word' id='word_1_98' title='bbox 1056 1711 1286 1807; x_wconf 72' lang='lat' dir='ltr'>proponitur,</span> <span class='ocrx_word' id='word_1_99' title='bbox 1310 1710 1401 1781; x_wconf 82' lang='lat' dir='ltr'>nihil</span> 
     </span>
     <span class='ocr_line' id='line_1_13' title="bbox 257 1834 1402 1933; baseline -0.003 -23"><span class='ocrx_word' id='word_1_100' title='bbox 257 1837 353 1910; x_wconf 91' lang='lat' dir='ltr'>ultra</span> <span class='ocrx_word' id='word_1_101' title='bbox 367 1843 422 1909; x_wconf 87' lang='lat' dir='ltr'>est</span> <span class='ocrx_word' id='word_1_102' title='bbox 437 1837 687 1933; x_wconf 84' lang='lat' dir='ltr'>cogitandum.</span> <span class='ocrx_word' id='word_1_103' title='bbox 707 1835 810 1921; x_wconf 81' lang='lat' dir='ltr'>Quod</span> <span class='ocrx_word' id='word_1_104' title='bbox 825 1837 973 1931; x_wconf 89' lang='lat' dir='ltr'>quidem</span> <span class='ocrx_word' id='word_1_105' title='bbox 990 1836 1162 1932; x_wconf 81' lang='lat' dir='ltr'>liegelius</span> <span class='ocrx_word' id='word_1_106' title='bbox 1177 1834 1254 1931; x_wconf 89' lang='lat' dir='ltr'>ipse</span> <span class='ocrx_word' id='word_1_107' title='bbox 1271 1858 1402 1907; x_wconf 80' lang='lat' dir='ltr'>conee-</span> 
     </span>
     <span class='ocr_line' id='line_1_14' title="bbox 258 1959 1399 2055; baseline -0.003 -23"><span class='ocrx_word' id='word_1_108' title='bbox 258 1961 345 2032; x_wconf 88' lang='lat' dir='ltr'>dere</span> <span class='ocrx_word' id='word_1_109' title='bbox 363 1960 519 2048; x_wconf 82' lang='lat' dir='ltr'>videtur,</span> <span class='ocrx_word' id='word_1_110' title='bbox 536 1961 629 2055; x_wconf 76' lang='lat' dir='ltr'>[eum</span> <span class='ocrx_word' id='word_1_111' title='bbox 653 1966 779 2055; x_wconf 89' lang='lat' dir='ltr'>postea</span> <span class='ocrx_word' id='word_1_112' title='bbox 800 1983 943 2033; x_wconf 87' lang='lat' dir='ltr'>merum</span> <span class='ocrx_word' id='word_1_113' title='bbox 968 1984 1032 2032; x_wconf 88' lang='lat' dir='ltr'>ens</span> <span class='ocrx_word' id='word_1_114' title='bbox 1055 1966 1090 2033; x_wconf 92' lang='lat' dir='ltr'>et</span> <span class='ocrx_word' id='word_1_115' title='bbox 1112 1959 1268 2032; x_wconf 92' lang='lat' dir='ltr'>nihilurn</span> <span class='ocrx_word' id='word_1_116' title='bbox 1289 1983 1399 2031; x_wconf 86' lang='lat' dir='ltr'>unum</span> 
     </span>
     <span class='ocr_line' id='line_1_15' title="bbox 257 2084 1400 2180; baseline -0.002 -24"><span class='ocrx_word' id='word_1_117' title='bbox 257 2090 294 2157; x_wconf 91' lang='lat' dir='ltr'>et</span> <span class='ocrx_word' id='word_1_118' title='bbox 308 2084 406 2157; x_wconf 90' lang='lat' dir='ltr'>idem</span> <span class='ocrx_word' id='word_1_119' title='bbox 421 2109 499 2158; x_wconf 88' lang='lat' dir='ltr'>esse</span> <span class='ocrx_word' id='word_1_120' title='bbox 516 2085 739 2180; x_wconf 84' lang='lat' dir='ltr'>pronuntiet.</span> <span class='ocrx_word' id='word_1_121' title='bbox 760 2085 831 2158; x_wconf 82' lang='lat' dir='ltr'>Sed</span> <span class='ocrx_word' id='word_1_122' title='bbox 847 2086 964 2158; x_wconf 90' lang='lat' dir='ltr'>noluit</span> <span class='ocrx_word' id='word_1_123' title='bbox 982 2086 1060 2158; x_wconf 89' lang='lat' dir='ltr'>ideo</span> <span class='ocrx_word' id='word_1_124' title='bbox 1076 2084 1242 2157; x_wconf 83' lang='lat' dir='ltr'>confiteri</span> <span class='ocrx_word' id='word_1_125' title='bbox 1258 2108 1400 2156; x_wconf 86' lang='lat' dir='ltr'>urorum</span> 
     </span>
     <span class='ocr_line' id='line_1_16' title="bbox 257 2209 1400 2305; baseline -0.002 -24"><span class='ocrx_word' id='word_1_126' title='bbox 257 2233 323 2281; x_wconf 88' lang='lat' dir='ltr'>ens</span> <span class='ocrx_word' id='word_1_127' title='bbox 345 2210 486 2283; x_wconf 84' lang='lat' dir='ltr'>nulium</span> <span class='ocrx_word' id='word_1_128' title='bbox 507 2233 599 2291; x_wconf 87' lang='lat' dir='ltr'>esse,</span> <span class='ocrx_word' id='word_1_129' title='bbox 619 2211 681 2304; x_wconf 89' lang='lat' dir='ltr'>qui</span> <span class='ocrx_word' id='word_1_130' title='bbox 704 2210 864 2304; x_wconf 91' lang='lat' dir='ltr'>primum</span> <span class='ocrx_word' id='word_1_131' title='bbox 888 2210 924 2282; x_wconf 91' lang='lat' dir='ltr'>in</span> <span class='ocrx_word' id='word_1_132' title='bbox 945 2210 1033 2282; x_wconf 90' lang='lat' dir='ltr'>illud</span> <span class='ocrx_word' id='word_1_133' title='bbox 1056 2209 1148 2281; x_wconf 86' lang='lat' dir='ltr'>nihil</span> <span class='ocrx_word' id='word_1_134' title='bbox 1167 2209 1317 2305; x_wconf 79' lang='lat' dir='ltr'>injicere</span> <span class='ocrx_word' id='word_1_135' title='bbox 1339 2233 1400 2280; x_wconf 87' lang='lat' dir='ltr'>vo-</span> 
     </span>
     <span class='ocr_line' id='line_1_17' title="bbox 257 2333 1402 2429; baseline -0.001 -24"><span class='ocrx_word' id='word_1_136' title='bbox 257 2333 380 2422; x_wconf 86' lang='lat' dir='ltr'>luerit,</span> <span class='ocrx_word' id='word_1_137' title='bbox 404 2358 476 2429; x_wconf 91' lang='lat' dir='ltr'>quo</span> <span class='ocrx_word' id='word_1_138' title='bbox 497 2334 650 2406; x_wconf 84' lang='lat' dir='ltr'>liberius</span> <span class='ocrx_word' id='word_1_139' title='bbox 672 2340 800 2429; x_wconf 85' lang='lat' dir='ltr'>postea</span> <span class='ocrx_word' id='word_1_140' title='bbox 820 2359 865 2405; x_wconf 85' lang='lat' dir='ltr'>ex</span> <span class='ocrx_word' id='word_1_141' title='bbox 889 2335 1071 2407; x_wconf 87' lang='lat' dir='ltr'>sententia</span> <span class='ocrx_word' id='word_1_142' title='bbox 1091 2336 1160 2406; x_wconf 87' lang='lat' dir='ltr'>hoo</span> <span class='ocrx_word' id='word_1_143' title='bbox 1180 2339 1216 2406; x_wconf 90' lang='lat' dir='ltr'>et</span> <span class='ocrx_word' id='word_1_144' title='bbox 1240 2333 1327 2406; x_wconf 89' lang='lat' dir='ltr'>illud</span> <span class='ocrx_word' id='word_1_145' title='bbox 1351 2335 1402 2404; x_wconf 89' lang='lat' dir='ltr'>in-</span> 
     </span>
     <span class='ocr_line' id='line_1_18' title="bbox 257 2459 1398 2554; baseline 0 -25"><span class='ocrx_word' id='word_1_146' title='bbox 257 2464 408 2530; x_wconf 90' lang='lat' dir='ltr'>sereret.</span> <span class='ocrx_word' id='word_1_147' title='bbox 432 2459 679 2554; x_wconf 74' lang='lat' dir='ltr'>Quaecumque</span> <span class='ocrx_word' id='word_1_148' title='bbox 701 2459 744 2531; x_wconf 89' lang='lat' dir='ltr'>de</span> <span class='ocrx_word' id='word_1_149' title='bbox 772 2459 829 2530; x_wconf 91' lang='lat' dir='ltr'>his</span> <span class='ocrx_word' id='word_1_150' title='bbox 854 2459 941 2531; x_wconf 84' lang='lat' dir='ltr'>dicit</span> <span class='ocrx_word' id='word_1_151' title='bbox 962 2459 1061 2531; x_wconf 91' lang='lat' dir='ltr'>nullo</span> <span class='ocrx_word' id='word_1_152' title='bbox 1082 2460 1192 2531; x_wconf 87' lang='lat' dir='ltr'>rnodo</span> <span class='ocrx_word' id='word_1_153' title='bbox 1214 2463 1398 2543; x_wconf 86' lang='lat' dir='ltr'>constant;</span> 
     </span>
     <span class='ocr_line' id='line_1_19' title="bbox 256 2581 1402 2678; baseline -0.001 -24"><span class='ocrx_word' id='word_1_154' title='bbox 256 2581 359 2654; x_wconf 91' lang='lat' dir='ltr'>nihili</span> <span class='ocrx_word' id='word_1_155' title='bbox 378 2583 472 2655; x_wconf 85' lang='lat' dir='ltr'>enirn</span> <span class='ocrx_word' id='word_1_156' title='bbox 491 2583 678 2656; x_wconf 86' lang='lat' dir='ltr'>notionem</span> <span class='ocrx_word' id='word_1_157' title='bbox 696 2583 859 2671; x_wconf 82' lang='lat' dir='ltr'>adhibet,</span> <span class='ocrx_word' id='word_1_158' title='bbox 880 2608 977 2673; x_wconf 80' lang='lat' dir='ltr'>eum,</span> <span class='ocrx_word' id='word_1_159' title='bbox 995 2582 1082 2678; x_wconf 90' lang='lat' dir='ltr'>quid</span> <span class='ocrx_word' id='word_1_160' title='bbox 1098 2584 1292 2678; x_wconf 76' lang='lat' dir='ltr'>significet,</span> <span class='ocrx_word' id='word_1_161' title='bbox 1310 2584 1402 2655; x_wconf 90' lang='lat' dir='ltr'>omi-</span> 
     </span>
     <span class='ocr_line' id='line_1_20' title="bbox 257 2706 1401 2794; baseline 0.002 -17"><span class='ocrx_word' id='word_1_162' title='bbox 257 2707 357 2777; x_wconf 84' lang='lat' dir='ltr'>serit.</span> <span class='ocrx_word' id='word_1_163' title='bbox 381 2709 564 2779; x_wconf 75' lang='lat' dir='ltr'>Praeterea</span> <span class='ocrx_word' id='word_1_164' title='bbox 575 2708 644 2777; x_wconf 84' lang='lat' dir='ltr'>hoe</span> <span class='ocrx_word' id='word_1_165' title='bbox 660 2710 722 2794; x_wconf 81' lang='lat' dir='ltr'>ait,</span> <span class='ocrx_word' id='word_1_166' title='bbox 737 2731 877 2780; x_wconf 85' lang='lat' dir='ltr'>rnerurn</span> <span class='ocrx_word' id='word_1_167' title='bbox 891 2731 956 2779; x_wconf 91' lang='lat' dir='ltr'>ens</span> <span class='ocrx_word' id='word_1_168' title='bbox 973 2713 1009 2778; x_wconf 89' lang='lat' dir='ltr'>et</span> <span class='ocrx_word' id='word_1_169' title='bbox 1024 2706 1180 2779; x_wconf 85' lang='lat' dir='ltr'>nihilum</span> <span class='ocrx_word' id='word_1_170' title='bbox 1197 2707 1294 2779; x_wconf 88' lang='lat' dir='ltr'>idem</span> <span class='ocrx_word' id='word_1_171' title='bbox 1309 2731 1401 2794; x_wconf 88' lang='lat' dir='ltr'>esse,</span> 
     </span>
     <span class='ocr_line' id='line_1_21' title="bbox 259 2830 1402 2926; baseline 0.001 -24"><span class='ocrx_word' id='word_1_172' title='bbox 259 2854 377 2925; x_wconf 91' lang='lat' dir='ltr'>neque</span> <span class='ocrx_word' id='word_1_173' title='bbox 394 2835 516 2902; x_wconf 86' lang='lat' dir='ltr'>tamen</span> <span class='ocrx_word' id='word_1_174' title='bbox 530 2830 683 2920; x_wconf 86' lang='lat' dir='ltr'>monuit,</span> <span class='ocrx_word' id='word_1_175' title='bbox 695 2855 766 2925; x_wconf 90' lang='lat' dir='ltr'>quo</span> <span class='ocrx_word' id='word_1_176' title='bbox 783 2836 920 2926; x_wconf 83' lang='lat' dir='ltr'>spectet</span> <span class='ocrx_word' id='word_1_177' title='bbox 936 2832 1077 2926; x_wconf 81' lang='lat' dir='ltr'>copula.</span> <span class='ocrx_word' id='word_1_178' title='bbox 1098 2834 1200 2916; x_wconf 81' lang='lat' dir='ltr'>Quod</span> <span class='ocrx_word' id='word_1_179' title='bbox 1214 2833 1243 2903; x_wconf 92' lang='lat' dir='ltr'>si</span> <span class='ocrx_word' id='word_1_180' title='bbox 1259 2837 1402 2905; x_wconf 87' lang='lat' dir='ltr'>tantum</span> 
     </span>
     <span class='ocr_line' id='line_1_22' title="bbox 260 2954 1403 3029; baseline 0.001 -2"><span class='ocrx_word' id='word_1_181' title='bbox 260 2954 450 3027; x_wconf 87' lang='lat' dir='ltr'>ostendere</span> <span class='ocrx_word' id='word_1_182' title='bbox 467 2954 591 3027; x_wconf 89' lang='lat' dir='ltr'>studet</span> <span class='ocrx_word' id='word_1_183' title='bbox 605 2978 746 3027; x_wconf 90' lang='lat' dir='ltr'>merum</span> <span class='ocrx_word' id='word_1_184' title='bbox 765 2979 831 3028; x_wconf 91' lang='lat' dir='ltr'>ens</span> <span class='ocrx_word' id='word_1_185' title='bbox 846 2961 883 3027; x_wconf 90' lang='lat' dir='ltr'>et</span> <span class='ocrx_word' id='word_1_186' title='bbox 898 2956 1052 3028; x_wconf 88' lang='lat' dir='ltr'>nihilum</span> <span class='ocrx_word' id='word_1_187' title='bbox 1070 2958 1162 3029; x_wconf 89' lang='lat' dir='ltr'>duos</span> <span class='ocrx_word' id='word_1_188' title='bbox 1179 2980 1258 3028; x_wconf 86' lang='lat' dir='ltr'>esse</span> <span class='ocrx_word' id='word_1_189' title='bbox 1275 2958 1403 3028; x_wconf 87' lang='lat' dir='ltr'>modos</span> 
     </span>
     <span class='ocr_line' id='line_1_23' title="bbox 259 3078 1404 3175; baseline 0.002 -25"><span class='ocrx_word' id='word_1_190' title='bbox 259 3080 424 3175; x_wconf 83' lang='lat' dir='ltr'>ejusdem</span> <span class='ocrx_word' id='word_1_191' title='bbox 435 3080 486 3150; x_wconf 90' lang='lat' dir='ltr'>rei</span> <span class='ocrx_word' id='word_1_192' title='bbox 502 3078 765 3174; x_wconf 70' lang='lat' dir='ltr'>significanda,</span> <span class='ocrx_word' id='word_1_193' title='bbox 781 3105 849 3153; x_wconf 90' lang='lat' dir='ltr'>nos</span> <span class='ocrx_word' id='word_1_194' title='bbox 863 3080 1014 3153; x_wconf 86' lang='lat' dir='ltr'>minime</span> <span class='ocrx_word' id='word_1_195' title='bbox 1027 3082 1144 3153; x_wconf 81' lang='lat' dir='ltr'>docet.</span> <span class='ocrx_word' id='word_1_196' title='bbox 1159 3083 1229 3153; x_wconf 85' lang='lat' dir='ltr'>Res</span> <span class='ocrx_word' id='word_1_197' title='bbox 1243 3087 1404 3153; x_wconf 83' lang='lat' dir='ltr'>tanturn-</span> 
     </span>
     <span class='ocr_line' id='line_1_24' title="bbox 259 3204 1403 3302; baseline 0.003 -28"><span class='ocrx_word' id='word_1_198' title='bbox 259 3204 369 3276; x_wconf 92' lang='lat' dir='ltr'>modo</span> <span class='ocrx_word' id='word_1_199' title='bbox 401 3209 543 3299; x_wconf 89' lang='lat' dir='ltr'>pateret</span> <span class='ocrx_word' id='word_1_200' title='bbox 568 3210 603 3275; x_wconf 92' lang='lat' dir='ltr'>et</span> <span class='ocrx_word' id='word_1_201' title='bbox 629 3205 775 3292; x_wconf 84' lang='lat' dir='ltr'>valeret,</span> <span class='ocrx_word' id='word_1_202' title='bbox 805 3206 834 3275; x_wconf 90' lang='lat' dir='ltr'>si</span> <span class='ocrx_word' id='word_1_203' title='bbox 853 3206 1181 3286; x_wconf 82' lang='lat' dir='ltr'>demonstraretur,</span> <span class='ocrx_word' id='word_1_204' title='bbox 1200 3230 1271 3300; x_wconf 92' lang='lat' dir='ltr'>quo</span> <span class='ocrx_word' id='word_1_205' title='bbox 1296 3213 1403 3302; x_wconf 85' lang='lat' dir='ltr'>paeto</span> 
     </span>
     <span class='ocr_line' id='line_1_25' title="bbox 261 3328 1403 3427; baseline 0.003 -28"><span class='ocrx_word' id='word_1_206' title='bbox 261 3328 465 3423; x_wconf 83' lang='lat' dir='ltr'>subjeetum</span> <span class='ocrx_word' id='word_1_207' title='bbox 494 3352 537 3400; x_wconf 92' lang='lat' dir='ltr'>eo</span> <span class='ocrx_word' id='word_1_208' title='bbox 564 3328 680 3424; x_wconf 82' lang='lat' dir='ltr'>magis</span> <span class='ocrx_word' id='word_1_209' title='bbox 698 3352 736 3400; x_wconf 88' lang='lat' dir='ltr'>se</span> <span class='ocrx_word' id='word_1_210' title='bbox 763 3330 881 3423; x_wconf 88' lang='lat' dir='ltr'>ipsum</span> <span class='ocrx_word' id='word_1_211' title='bbox 911 3334 1033 3423; x_wconf 79' lang='lat' dir='ltr'>neget,</span> <span class='ocrx_word' id='word_1_212' title='bbox 1056 3354 1127 3423; x_wconf 87' lang='lat' dir='ltr'>quo</span> <span class='ocrx_word' id='word_1_213' title='bbox 1150 3354 1187 3400; x_wconf 87' lang='lat' dir='ltr'>se</span> <span class='ocrx_word' id='word_1_214' title='bbox 1223 3331 1338 3427; x_wconf 81' lang='lat' dir='ltr'>magis</span> <span class='ocrx_word' id='word_1_215' title='bbox 1367 3330 1403 3402; x_wconf 90' lang='lat' dir='ltr'>in</span> 
     </span>
     <span class='ocr_line' id='line_1_26' title="bbox 261 3451 1405 3549; baseline 0.004 -28"><span class='ocrx_word' id='word_1_216' title='bbox 261 3451 444 3547; x_wconf 84' lang='lat' dir='ltr'>objectum</span> <span class='ocrx_word' id='word_1_217' title='bbox 471 3457 673 3542; x_wconf 81' lang='lat' dir='ltr'>convertat,</span> <span class='ocrx_word' id='word_1_218' title='bbox 693 3451 848 3546; x_wconf 90' lang='lat' dir='ltr'>ideoque</span> <span class='ocrx_word' id='word_1_219' title='bbox 881 3452 1039 3525; x_wconf 87' lang='lat' dir='ltr'>nihilum</span> <span class='ocrx_word' id='word_1_220' title='bbox 1070 3458 1249 3547; x_wconf 83' lang='lat' dir='ltr'>tanquam</span> <span class='ocrx_word' id='word_1_221' title='bbox 1269 3453 1405 3549; x_wconf 82' lang='lat' dir='ltr'>aliquid</span> 
     </span>
     <span class='ocr_line' id='line_1_27' title="bbox 261 3575 1403 3672; baseline 0.003 -25"><span class='ocrx_word' id='word_1_222' title='bbox 261 3575 419 3647; x_wconf 86' lang='lat' dir='ltr'>existens</span> <span class='ocrx_word' id='word_1_223' title='bbox 439 3579 585 3648; x_wconf 88' lang='lat' dir='ltr'>statuat.</span> <span class='ocrx_word' id='word_1_224' title='bbox 606 3576 676 3648; x_wconf 87' lang='lat' dir='ltr'>Sed</span> <span class='ocrx_word' id='word_1_225' title='bbox 701 3599 775 3647; x_wconf 93' lang='lat' dir='ltr'>non</span> <span class='ocrx_word' id='word_1_226' title='bbox 797 3577 887 3648; x_wconf 85' lang='lat' dir='ltr'>iilud</span> <span class='ocrx_word' id='word_1_227' title='bbox 908 3578 1066 3670; x_wconf 79' lang='lat' dir='ltr'>respexit</span> <span class='ocrx_word' id='word_1_228' title='bbox 1087 3578 1272 3672; x_wconf 85' lang='lat' dir='ltr'>Hegelius.</span> <span class='ocrx_word' id='word_1_229' title='bbox 1297 3580 1403 3665; x_wconf 81' lang='lat' dir='ltr'>Nam,</span> 
     </span>
     <span class='ocr_line' id='line_1_28' title="bbox 264 3700 1407 3787; baseline 0.003 -17"><span class='ocrx_word' id='word_1_230' title='bbox 264 3722 346 3770; x_wconf 89' lang='lat' dir='ltr'>oum</span> <span class='ocrx_word' id='word_1_231' title='bbox 362 3723 426 3771; x_wconf 88' lang='lat' dir='ltr'>ens</span> <span class='ocrx_word' id='word_1_232' title='bbox 438 3706 473 3771; x_wconf 91' lang='lat' dir='ltr'>et</span> <span class='ocrx_word' id='word_1_233' title='bbox 485 3700 641 3773; x_wconf 85' lang='lat' dir='ltr'>nihilum</span> <span class='ocrx_word' id='word_1_234' title='bbox 657 3700 754 3773; x_wconf 88' lang='lat' dir='ltr'>idem</span> <span class='ocrx_word' id='word_1_235' title='bbox 770 3724 850 3772; x_wconf 89' lang='lat' dir='ltr'>esse</span> <span class='ocrx_word' id='word_1_236' title='bbox 863 3700 972 3787; x_wconf 65' lang='lat' dir='ltr'>dieat</span> <span class='ocrx_word' id='word_1_237' title='bbox 990 3702 1242 3774; x_wconf 86' lang='lat' dir='ltr'>tantummodo</span> <span class='ocrx_word' id='word_1_238' title='bbox 1257 3703 1407 3775; x_wconf 76' lang='lat' dir='ltr'>confidit</span> 
     </span>
     <span class='ocr_line' id='line_1_29' title="bbox 264 3822 1183 3918; baseline 0.004 -24"><span class='ocrx_word' id='word_1_239' title='bbox 264 3847 328 3894; x_wconf 91' lang='lat' dir='ltr'>ens</span> <span class='ocrx_word' id='word_1_240' title='bbox 343 3822 441 3894; x_wconf 88' lang='lat' dir='ltr'>aliud</span> <span class='ocrx_word' id='word_1_241' title='bbox 457 3824 683 3918; x_wconf 80' lang='lat' dir='ltr'>postea&#39;fore</span> <span class='ocrx_word' id='word_1_242' title='bbox 702 3850 709 3897; x_wconf 94' lang='lat'><strong>:</strong></span> <span class='ocrx_word' id='word_1_243' title='bbox 736 3826 805 3898; x_wconf 86' lang='lat' dir='ltr'>hoo</span> <span class='ocrx_word' id='word_1_244' title='bbox 824 3825 1014 3897; x_wconf 83' lang='lat' dir='ltr'>dumtaxat</span> <span class='ocrx_word' id='word_1_245' title='bbox 1035 3827 1183 3898; x_wconf 84' lang='lat' dir='ltr'>sensit¹.</span> 
     </span>
    </p>

    <p class='ocr_par' dir='ltr' id='par_1_4' title="bbox 263 3946 1407 4172">
     <span class='ocr_line' id='line_1_30' title="bbox 313 3946 1406 4048; baseline 0.005 -29"><span class='ocrx_word' id='word_1_246' title='bbox 313 3946 482 4019; x_wconf 89' lang='lat' dir='ltr'>Ceterum</span> <span class='ocrx_word' id='word_1_247' title='bbox 507 3948 663 4020; x_wconf 88' lang='lat' dir='ltr'>arduum</span> <span class='ocrx_word' id='word_1_248' title='bbox 685 3955 741 4022; x_wconf 90' lang='lat' dir='ltr'>est</span> <span class='ocrx_word' id='word_1_249' title='bbox 755 3972 811 4037; x_wconf 90' lang='lat' dir='ltr'>ea,</span> <span class='ocrx_word' id='word_1_250' title='bbox 829 3974 909 4044; x_wconf 78' lang='lat' dir='ltr'>quae</span> <span class='ocrx_word' id='word_1_251' title='bbox 930 3948 1036 4023; x_wconf 86' lang='lat' dir='ltr'>initio</span> <span class='ocrx_word' id='word_1_252' title='bbox 1058 3951 1211 4046; x_wconf 81' lang='lat' dir='ltr'>Logioes</span> <span class='ocrx_word' id='word_1_253' title='bbox 1234 3952 1406 4048; x_wconf 81' lang='lat' dir='ltr'>Hegelius</span> 
     </span>
     <span class='ocr_line' id='line_1_31' title="bbox 263 4052 1407 4172; baseline 0.005 -29"><span class='ocrx_word' id='word_1_254' title='bbox 263 4078 459 4160; x_wconf 79' lang='lat' dir='ltr'>asseverat,</span> <span class='ocrx_word' id='word_1_255' title='bbox 479 4052 668 4145; x_wconf 80' lang='lat' dir='ltr'>eonsutare</span> <span class='ocrx_word' id='word_1_256' title='bbox 687 4097 694 4145; x_wconf 93' lang='lat'>:</span> <span class='ocrx_word' id='word_1_257' title='bbox 714 4073 805 4145; x_wconf 90' lang='lat' dir='ltr'>adeo</span> <span class='ocrx_word' id='word_1_258' title='bbox 827 4072 888 4145; x_wconf 90' lang='lat' dir='ltr'>illa</span> <span class='ocrx_word' id='word_1_259' title='bbox 909 4074 1080 4170; x_wconf 78' lang='lat' dir='ltr'>ancipitia</span> <span class='ocrx_word' id='word_1_260' title='bbox 1104 4081 1189 4149; x_wconf 88' lang='lat' dir='ltr'>suot</span> <span class='ocrx_word' id='word_1_261' title='bbox 1213 4082 1248 4147; x_wconf 91' lang='lat' dir='ltr'>et</span> <span class='ocrx_word' id='word_1_262' title='bbox 1272 4076 1407 4172; x_wconf 89' lang='lat' dir='ltr'>imper-</span> 
     </span>
    </p>
   </div>
   <div class='ocr_carea' id='block_1_4' title="bbox 162 4357 584 4421">
    <p class='ocr_par' dir='ltr' id='par_1_5' title="bbox 162 4357 584 4421">
     <span class='ocr_line' id='line_1_32' title="bbox 162 4357 584 4421; baseline 0.007 -16"><span class='ocrx_word' id='word_1_263' title='bbox 162 4400 165 4405; x_wconf 77' lang='grc'>,</span> <span class='ocrx_word' id='word_1_264' title='bbox 296 4359 318 4406; x_wconf 86' lang='lat' dir='ltr'>r.</span> <span class='ocrx_word' id='word_1_265' title='bbox 336 4357 584 4421; x_wconf 79' lang='lat' dir='ltr'>lbid.‚p.132-135.</span> 
     </span>
    </p>
   </div>
   <div class='ocr_carea' id='block_1_5' title="bbox 0 0 1614 5056">
    <p class='ocr_par' dir='ltr' id='par_1_6' title="bbox 0 0 1614 5056">
     <span class='ocr_line' id='line_1_33' title="bbox 0 0 1614 5056; baseline 0 0"><span class='ocrx_word' id='word_1_266' title='bbox 0 0 1614 5056; x_wconf 95' lang='lat' dir='ltr'> </span> 
     </span>
    </p>
   </div>
  </div>
 </body>
</html>
