3198 5056
611 375 726 432 CAPUT
746 378 901 433 TERTlllll
1066 458 1070 463 .
1293 380 1326 431 33

182 549 293 621 quam
326 532 492 600 mortuus
521 534 617 602 esset
644 529 833 626 Hegelius3
866 530 930 603 sed
959 530 1180 627 accepimus
1217 553 1327 627 quam

183 652 319 723 acriter
338 657 375 724 et
390 650 630 726 vehementer
653 654 690 725 in
716 654 907 750 Hegelium
930 654 1085 744 diceret3
1104 654 1191 729 huic
1214 654 1325 742 enim,

183 781 224 848 ut.
240 777 348 850 relerl
362 777 524 872 quidum,
536 801 617 851 cum
630 778 712 865 alia,
727 783 804 852 tum
817 778 907 852 illud
920 779 1126 877 objiciebat,
1141 778 1237 875 quod
1250 777 1330 875 phi-

182 900 390 997 losophiam
404 926 508 975 suam
520 905 757 999 corrupisset,
770 905 866 999 quod
878 927 1002 976 rernm
1016 910 1182 977 naturam
1199 927 1328 976 eorum

184 1025 297 1098 modo
320 1025 553 1121 inspexisset,
570 1027 631 1122 qui
648 1027 767 1100 siccas
783 1026 918 1100 herbas
933 1026 1040 1123 juxta
1054 1032 1211 1110 servent,
1231 1025 1329 1121 quod

183 1147 386 1224 humilibus
408 1150 562 1246 ingeniis
586 1152 796 1247 superbiam
819 1158 852 1224 et
877 1151 1062 1246 quoddam
1083 1150 1330 1224 obscuristu-

186 1274 288 1346 dium
310 1274 512 1372 injecisset,
531 1275 670 1348 nedum
685 1276 782 1349 firmi
803 1275 1092 1371 elatiqueanimi
1107 1274 1204 1349 viros
1221 1274 1333 1348 inlor·
1434 1272 1437 1277 ’
1542 1322 1546 1329 =

186 1399 358 1472 movisset
379 1399 401 1470 ¹.
431 1399 574 1495 Hegelii
598 1423 743 1496 quoque
768 1400 1064 1496 quidamlautor
1089 1399 1328 1487 certissimus

187 1524 249 1619 qui
284 1529 408 1596 tamen
443 1522 553 1596 etiam
589 1548 688 1597 nunc
722 1522 988 1620 Schellingium
1017 1521 1261 1597 admiratione
1296 1528 1349 1627 et,

186 1647 1329 1745 benevolentialevissetnarrarit,quamacerbeSchellingiuS,

188 1795 274 1845 cum
289 1772 456 1867 quaedam
472 1778 673 1868 peroraret,
685 1772 872 1869 Hegelium
887 1773 1084 1845 lacesseret
1096 1777 1130 1844 et
1145 1771 1329 1861 irrideret,

186 1895 372 1993 quomodo
388 1902 511 1971 autem
524 1897 716 1971 audientes
732 1903 910 1984 moneret,
928 1896 1042 1970 talem
1059 1919 1080 1969 a
1095 1920 1133 1969 se
1149 1896 1194 1968 iis
1214 1896 1329 1969 tradi·

186 2025 263 2094 tam
274 2030 362 2094 'esse
379 2022 624 2117 disciplinam,
638 2046 710 2117 qua
726 2020 996 2118 philosophiam
1012 2021 1110 2094 illam
1129 2020 1332 2118 dijudicare

189 2128 339 2240 possent
356 2171 375 2218 e
391 2145 629 2242 conceptibus
644 2146 745 2219 tenui
757 2146 818 2218 filo
835 2145 1003 2219 deductis
1022 2148 1262 2231 constantem,
1281 2148 1331 2235 et,

189 2295 271 2345 cum
302 2271 380 2344 sola
410 2271 553 2368 integra
582 2277 618 2344 et
645 2270 771 2367 vigens
795 2269 911 2342 videri
936 2269 1038 2357 velit,
1066 2273 1275 2364 corruptam
1298 2273 1334 2341 et

189 2402 424 2471 extenuatam
438 2397 462 2467 ².

240 2519 485 2618 Sedttandem
519 2519 679 2616 primum
712 2524 925 2615 repetamus
954 2517 1145 2613 scriptum,
1167 2517 1266 2613 quod
1294 2514 1333 2587 in

191 2645 381 2743 Hegelium
398 2645 643 2739 schellingius
664 2642 791 2716 edidit.

237 2773 277 2844 ln
290 2768 504 2867 praelatione
521 2768 692 2842 secundae
708 2766 878 2839 editionis
892 2764 991 2854 libri,
1010 2766 1071 2860 qui
1091 2797 1106 2831 «
1121 2767 1335 2861 Frnpmeatc

74 2962 78 2967 .
180 2895 468 2993 philosophique
487 2923 503 2961 u
522 2891 751 2981 inscribitur,
769 2890 895 2965 Victor
912 2889 1092 2963 Cousinus
1108 2896 1235 2961 noster
1248 2888 1335 2962 bre-

188 3020 282 3096 viter
303 3020 539 3107 indicaverat,
563 3018 631 3090 sub
656 3039 728 3115 qua
747 3014 871 3111 specie
895 3012 1146 3111 germanicam
1171 3011 1334 3109 philoso-

189 3147 315 3244 phiam
332 3142 584 3249 intellexisset,
601 3139 688 3236 quid
711 3144 889 3236 preterea
909 3161 953 3210 ex
973 3161 1015 3210 ea
1037 3135 1234 3210 hausisset.
1254 3137 1333 3209 Hoc

190 3270 394 3368 prasertim
419 3268 551 3353 aiebat,
568 3288 694 3338 reram
711 3261 917 3337 doctrinam
938 3285 959 3335 a
980 3259 1204 3358 Schellingio
1225 3283 1334 3335 exco-

191 3397 346 3494 gitatam
364 3393 490 3481 luisse,
508 3390 674 3464 eamdem
691 3393 830 3475 tamen,
848 3410 934 3460 cum
950 3386 1068 3459 multa
1084 3384 1122 3458 in
1140 3409 1182 3458 ea
1201 3384 1335 3481 imper-

189 3522 286 3595 fecta
301 3526 337 3592 et
353 3519 448 3591 male
470 3516 637 3590 absoluta
655 3517 902 3609 superessent,
922 3512 967 3583 ab
989 3510 1142 3607 Hegelio
1159 3510 1335 3584 corrobo-

191 3651 310 3719 ratam
341 3667 420 3716 esse
447 3648 483 3715 et
514 3644 725 3713 renovatam
745 3639 769 3708 ³.
788 3635 852 3710 Cui
877 3633 1095 3730 praeiationi,
1128 3634 1165 3706 in
1192 3657 1336 3731 germa-

191 3881 287 3933 parum
308 3866 451 3929 diligenter
478 3875 556 3914 suam
578 3860 730 3911 doctrinam
750 3856 896 3916 rettulisse,
918 3855 1017 3920 quippe
1044 3869 1128 3919 quam
1151 3855 1337 3906 obsoletatum

190 3962 278 3999 rerum
291 3946 482 3998 studiosiorem
491 3945 518 3994 et
526 3939 627 3993 rationi
637 3938 804 3989 contrariam
817 3936 999 4002 exposuisset.
1013 3936 1068 3985 Aur
1080 3933 1232 3998 Sebelliuqc
1244 3935 1335 3985 leben.

111 4042 123 4051 ·
191 4026 327 4089 Schelliop
341 4040 376 4076 nn
398 4023 504 4083 Weicce,
518 4022 565 4083 lll,
579 4035 606 4085 p.
622 4021 666 4081 993
686 4016 821 4081 schelling
835 4030 872 4066 nn
886 4016 999 4078 Buucen,
1014 4015 1061 4077 lll,
1076 4017 1136 4077 1513
1150 4014 1286 4079 Scheltinp
1300 4028 1336 4063 cn

192 4105 366 4171 Dorsmttller,
385 4105 430 4163 lll,
443 4119 470 4168 p.
485 4104 539 4152 ltl.

224 4191 246 4238 l.
266 4187 308 4236 l'r.
330 4184 468 4236 Thiercelec
490 4182 581 4243 Laden,
598 4181 619 4241 l,
634 4195 661 4245 p.
678 4180 732 4239 cre,
749 4179 803 4237 349,
819 4191 863 4241 ap.
884 4176 915 4225 K.
932 4175 1099 4234 Fischerum,
1115 4172 1271 4225 Geccliiclrtc
1287 4172 1338 4221 der

192 4284 292 4320 neuere
307 4265 479 4330 Philosophia
493 4258 793 4327 (lubilaumsausgabe),
808 4255 878 4317 Vlll,
893 4269 919 4320 p.
937 4256 1052 4305 lea-loa.

224 4352 247 4398 2.
264 4346 448 4408 Rosenlrranz,
464 4342 695 4406 Schellinp,1843,
711 4353 738 4403 p.
753 4350 876 4388 rvr-xxii.

224 4431 246 4479 3.
266 4449 278 4473 α
295 4429 345 4477 Les
363 4426 510 4492 premieres
529 4424 631 4474 annees
650 4419 686 4470 du
702 4428 759 4469 rime
776 4417 857 4468 siecle
873 4417 922 4473 ont
940 4430 976 4465 vu
995 4417 1113 4479 parettre
1133 4428 1162 4466 ce
1176 4412 1263 4478 grand
1277 4426 1338 4477 sys-

336 4541 450 4581 oriuos.
1181 4517 1196 4567 3
