3198 5056
298 343 334 395 ao
472 314 532 393 ‘nn
551 337 768 392 posvnnroua
788 318 1005 391 sennumuon
1025 335 1258 390 ruinosorun

300 493 459 566 nalismo
480 490 650 563 Jacobius
671 488 853 583 opposuit..
883 488 1049 561 Profecto
1080 486 1324 580 schellingius
1349 511 1444 559 nune

288 618 541 713 ,magisquam
558 618 665 686 antea
674 612 824 685 Jacobio
840 612 965 701 savet¹‚
982 637 1096 709 usque
1109 636 1166 702 eo,
1184 612 1440 684 uteumtalem

296 765 375 814 esse
404 740 632 837 profiteatur,
665 761 735 833 quo
760 738 880 810 nullus
910 739 1006 832 apud
1023 732 1250 809 recentiores
1272 737 1438 831 philoso-

296 867 388 961 phos
408 865 578 938 uberiore
599 862 747 958 ingenio
768 867 920 936 ornatus
943 863 989 934 sit
1001 863 1023 932 ².
1044 860 1213 935 Sed'cum
1234 846 1439 935 laudi'huic

300 995 428 1079 vertat,
470 989 568 1084 quod
602 987 867 1060 asseveraverit
895 987 933 1058 in
966 984 1201 1083 philosophia
1230 987 1439 1059 necessario

299 1105 465 1201 quaedam
491 1129 571 1177 esse
591 1128 634 1176 ex
658 1104 813 1176 historia
833 1104 958 1199 petita,
986 1107 1022 1176 et
1048 1100 1255 1197 imperfecti
1285 1100 1443 1173 rationa-

300 1231 396 1302 lismi
423 1229 538 1303 multa
565 1229 652 1301 vitia
671 1228 865 1310 notaverit,
889 1227 941 1299 illi
959 1229 1182 1300 etiamnunc
1204 1225 1349 1298 crimini
1366 1226 1440 1312 dat,

300 1355 396 1449 quod
414 1354 459 1425 ab
480 1352 585 1424 initio
606 1352 714 1424 rebus
735 1353 803 1424 sibi
832 1350 1057 1424 altirmendis
1079 1352 1267 1447 proprium
1296 1375 1440 1423 sensum

299 1476 526 1573 imposuerit,
550 1476 695 1562 deinde,
727 1482 923 1576 postquam
954 1460 1090 1548 eisdem
1119 1477 1300 1548 rationem
1325 1478 1439 1570 impo-

297 1604 441 1691 suisset,
464 1602 527 1673 illa
551 1600 707 1689 ratione,
734 1602 878 1697 qualem
902 1601 1050 1696 quidem
1074 1602 1242 1697 tingeret,
1268 1602 1340 1672 llus
1363 1608 1442 1672 tan·
1543 1626 1548 1633 ·

295 1726 484 1799 tummodo
519 1726 856 1814 indeterminatum,
892 1749 965 1797 non
995 1727 1110 1799 Deum
1143 1731 1307 1796 nostrum
1339 1748 1438 1796 com-

295 1849 472 1947 prehendi
515 1874 622 1945 posse
666 1874 740 1923 non
784 1848 1096 1922 animadverterit.
1139 1851 1241 1933 Quod
1280 1849 1309 1921 si
1352 1851 1439 1922 fides

277 1967 538 2072 'philosophia
577 1975 774 2063 inseratur,
812 1998 884 2046 non
920 1975 1002 2047 ideo
1043 1974 1340 2047 rationalismum
1379 2001 1440 2047 ex-

296 2100 434 2196 templo
460 2100 593 2196 rejicit,
626 2101 688 2172 sed
718 2124 790 2195 quo
814 2105 979 2194 tempore
1013 2099 1074 2170 hic
1107 2099 1362 2172 terminandus
1395 2101 1441 2171 sit

300 2229 477 2298 monetet
496 2248 588 2298 nova
603 2224 797 2320 disciplina
814 2223 1058 2319 perficiendus
1075 2226 1098 2293 ³.

347 2352 431 2424 Haec
448 2350 694 2447 Schellingius
716 2350 759 2420 de
779 2348 912 2422 ceteris
932 2328 1111 2420 doctrinis
1132 2372 1213 2419 curn
1238 2372 1303 2419 sua
1328 2349 1441 2442 ipsius

299 2475 442 2548 collatis
469 2473 600 2562 sentit3
629 2472 693 2546 sed
714 2497 788 2546 non
809 2479 952 2545 tantum
973 2472 1077 2544 adid
1098 2473 1241 2545 videtur
1257 2480 1439 2567 spectare,

298 2604 338 2671 ut
352 2600 507 2672 aliorum
523 2598 728 2694 disciplina
743 2597 1005 2694 intellegantur
1021 2602 1054 2670 et
1068 2598 1314 2684 absolvantur,
1330 2621 1441 2693 quan-

298 2729 373 2797 tum
395 2729 434 2796 ut
454 2724 649 2818 hegeliana
668 2722 903 2818 philosophia
918 2723 1124 2795 confutetur
1141 2728 1177 2794 et
1192 2723 1370 2794 deleatur.

326 2973 348 3020 l.
367 2971 542 3033 Levy-Bruhl‚
559 2971 595 3019 Lo
609 2970 779 3035 philosophie
796 2972 828 3018 cle
845 2969 944 3032 vacuet,
961 2971 1030 3030 1894,
1045 2984 1071 3034 p.
1087 2971 1199 3018 nna-228.

327 3054 350 3099 2.
369 3050 445 3113 loia,
459 3067 486 3115 p.
503 3052 555 3101 168.

328 3134 350 3181 3.
368 3130 445 3192 Iota,
461 3146 487 3196 p.
502 3132 615 3180 rot-181.
