3198 5056
312 414 346 464 28
495 412 541 465 DE
561 408 782 463 POSTERIORE
802 408 1020 462 SCHELllNGll
1039 409 1274 463 Philosophia

312 563 399 635 tiam
421 585 498 633 esse
515 559 758 655 singulorum,
777 566 853 632 turn
873 559 1055 655 praecipue
1076 561 1188 633 [teum
1203 565 1375 655 tanquam
1393 583 1459 630 ens

313 685 534 770 absolutum,
558 682 698 755 scilicet
727 683 838 754 rebus
866 683 980 756 smilis
1001 683 1168 757 absolute
1193 683 1359 778 superius
1386 689 1458 755 sta-

313 808 414 885 tur.
670 792 682 807 '

357 933 520 1027 Denique
533 930 898 1027 quisnonintellegat
911 931 1185 1027 schellingium,
1198 955 1249 1022 ea,
1263 933 1455 1026 quaprius

308 1057 462 1129 llantins
482 1056 617 1128 mirum
635 1055 673 1126 in
690 1053 839 1128 modum
862 1055 1120 1140 inchoavisset,
1146 1056 1398 1151 explanavisse
1422 1062 1458 1127 et

307 1181 535 1254 absolvisse?
553 1179 730 1269 Primum,
749 1204 831 1253 cum
848 1180 1082 1253 existentiam
1100 1204 1120 1252 a
1137 1180 1374 1274 conceptibus
1390 1204 1455 1274 per

308 1307 487 1377 rationem
509 1329 581 1376 non
598 1305 728 1376 deduci
751 1328 856 1399 posse
874 1305 1113 1400 probavisset,
1137 1305 1355 1377 rationalem
1375 1305 1456 1400 phi-

306 1430 510 1524 losophinm
534 1429 633 1499 intra
653 1428 772 1524 justos
794 1430 973 1502 terminos
995 1428 1147 1526 redegit,
1166 1429 1320 1524 ideoque
1339 1429 1454 1524 pluri-

309 1578 409 1625 mum
440 1554 485 1625 ad
516 1552 553 1624 id
587 1553 756 1632 contulit,
783 1559 821 1624 ut
842 1553 1077 1642 indicaretur,
1099 1554 1283 1648 quomodo
1310 1559 1449 1627 tantum

308 1678 477 1773 negativa
494 1684 602 1750 esset.
624 1677 696 1749 Sed
713 1700 793 1749 cum
811 1676 863 1747 illi
881 1678 982 1749 nulla
996 1677 1067 1749 alia
1085 1678 1321 1772 philosophia
1337 1680 1454 1750 conti-

308 1805 414 1898 gerit,
439 1828 483 1875 ex
500 1827 542 1873 ea
559 1802 678 1874 solum
695 1802 835 1897 rejecit,
856 1827 937 1896 quae
954 1803 997 1873 ad
1017 1826 1074 1874 res
1092 1804 1201 1897 ipsas,
1220 1803 1346 1897 quales
1360 1805 1395 1873 in
1414 1828 1452 1874 se

309 1931 406 2006 sunt,
424 1926 621 2020 pertinent,
636 1925 771 1998 nedum
787 1950 829 1997 ea
841 1926 945 1998 alleri
962 1928 1132 2021 cuiquam
1149 1927 1349 2022 disciplinae
1362 1928 1453 2000 assi-

307 2057 445 2146 gnaret.
479 2049 578 2121 Nihil
604 2049 716 2145 igitur
751 2051 918 2144 praebuit,
948 2075 1019 2146 quo
1043 2050 1276 2146 philosophia
1300 2052 1453 2147 positiva

309 2177 415 2270 plane
445 2176 715 2262 institueretur;
747 2176 892 2270 oblique
915 2175 1027 2263 enirn,
1063 2177 1260 2272 postulatis
1285 2200 1385 2260 usus,
1411 2200 1454 2248 ea

305 2302 478 2384 restituit,
497 2299 630 2394 quibus
646 2299 682 2370 in
700 2300 1114 2395 plrilosophiaralionali
1127 2301 1248 2373 nullus
1259 2301 1335 2396 jam
1351 2301 1450 2374 locus

307 2448 385 2496 esse
403 2431 556 2519 poterat.
579 2424 687 2518 Atqui
709 2448 782 2494 non
807 2427 1008 2518 putandum
1031 2432 1085 2497 est
1106 2425 1271 2497 criticam
1292 2425 1451 2521 discipli-

308 2571 407 2635 nam,
431 2548 597 2643 quamvis
620 2548 893 2642 philosophiam
913 2549 1117 2644 negativam
1147 2556 1247 2621 recte
1270 2552 1455 2646 complec-

307 2678 415 2761 tatur,
436 2672 528 2743 nihil
544 2673 589 2743 ab
606 2672 666 2743 illa
682 2673 845 2757 ‹litlerre;
866 2696 963 2760 nam,
985 2679 1135 2767 quaeest
1151 2674 1317 2770 negativa
1335 2675 1452 2770 philo-

306 2795 449 2891 sophia,
467 2797 538 2867 talc
553 2795 691 2889 aliquid
707 2795 744 2866 in
766 2797 943 2884 sehabet,
965 2804 1002 2868 ut
1024 2798 1181 2870 alterum
1203 2799 1447 2893 cognoscendi
1466 2794 1470 2795 ἢ

303 2902 417 3016 genus
440 2919 703 2992 desideraturi.
733 2919 807 2991 Sub
833 2921 903 2992 alia
924 2928 1047 2992 autam
1066 2924 1198 3017 specie,
1220 2924 1255 2994 in
1276 2924 1449 2995 leontiano

304 3043 540 3138 philosophia
558 3044 756 3115 discrimen
771 3045 954 3138 quoddam
972 3044 1063 3116 inest
1077 3046 1354 3142 principiorum,
1368 3048 1448 3142 qui-

303 3169 369 3239 bus
388 3167 559 3240 innititur
580 3168 659 3238 haec
689 3173 723 3238 et
748 3168 809 3239 illa
830 3169 1026 3264 disciplina
1048 3195 1055 3241 :
1080 3173 1178 3267 quod
1200 3172 1383 3267 significat
1403 3174 1447 3242 dc

303 3272 1446 3391 antinomiisdoctrinajeaesunttheses,quaeplerumquecum

304 3417 476 3512 positiva,
497 3416 711 3504 antitheses,
739 3441 819 3511 quae
842 3441 923 3489 cum
947 3421 1349 3515 negativacongruant.
1370 3422 1447 3493 Non

303 3539 427 3635 igitur,
448 3539 762 3636 quemadmodum
785 3542 892 3613 docet
913 3543 1079 3632 llantius,
1098 3544 1192 3617 ratio
1214 3569 1295 3617 curn
1312 3570 1349 3616 se
1373 3547 1449 3640 ipsa

303 3671 496 3760 repugnat,
524 3664 587 3736 sed
617 3689 698 3736 cum
729 3666 788 3754 iis,
822 3691 901 3761 quae
932 3668 1084 3740 alterius
1106 3669 1306 3766 disciplinae
1324 3674 1445 3742 sunt³.

300 3788 1446 3890 ltem‚cumea,quibuslleumessedemonslratur‚perpendit,

301 3939 410 3985 unum
430 3913 577 3986 elidem
596 3937 676 3984 csse
691 3920 791 4009 putat
812 3916 896 4001 llns,
914 3940 985 4011 quo
1003 3918 1143 3990 nullum
1161 3920 1328 4014 superius
1343 3944 1449 3992 exco-

332 4210 353 4256 Ι.
372 4206 529 4269 llialer‘tuup
548 4208 575 4255 in
594 4208 637 4255 dle
655 4206 827 4271 Philosoplu'c
843 4210 891 4257 der
908 4210 1077 4274 Mytholopie,
1092 4213 1124 4266 ll.
1140 4227 1157 4272 1,
1174 4228 1200 4277 p.
1216 4217 1270 4263 279.

332 4291 355 4336 2.
375 4288 449 4347 told,
475 4301 500 4350 p.
525 4289 579 4336 524.
604 4314 634 4324 -
658 4286 813 4350 Einleitunp
836 4291 863 4338 in
886 4290 930 4339 die
951 4289 1118 4355 Philosophia
1135 4294 1183 4342 der·
1201 4294 1396 4358 Offendorunp,
1413 4296 1446 4355 ΙΙ,

301 4382 339 4428 ur,
354 4383 378 4431 p.
394 4369 475 4427 82-85,
493 4382 518 4430 p.
536 4369 650 4416 tan-lat.
669 4395 699 4403 -
716 4368 770 4416 Zur
783 4369 939 4419 Gesclu'cltte
953 4372 1001 4419 der
1016 4369 1195 4437 Philosophie,
1211 4375 1231 4433 l,
1249 4390 1274 4434 x,
1293 4390 1318 4438 p.
1334 4377 1371 4425 ΙΙ.

332 4451 354 4496 3.
372 4446 527 4510 Eiuleitunp
544 4447 572 4494 in
588 4448 631 4495 dic
646 4446 818 4511 Philosophia
834 4449 882 4498 der
900 4450 1094 4515 Offendorunp,
1113 4454 1145 4516 ll,
1161 4469 1200 4515 m,
1213 4469 1240 4518 p.
1258 4458 1367 4505 lta-lto.
